4358 6234
896 354 1125 410 PROOEMIVM.
1711 351 1824 416 XXXI

197 581 260 646 nisi
290 582 375 665 qnod
404 601 476 647 eum
500 579 623 645 Lndum
651 580 870 664 composuisse
892 587 1100 664 compererat.
1147 577 1206 644 sed
1228 576 1386 643 accedunt
1407 577 1474 642 aha
1496 596 1535 642 ac
1556 575 1705 659 graviora
1726 595 1824 659 argn-

197 710 315 767 menta.
362 722 425 767 non
456 700 540 767 enim
569 699 712 784 pudebat
734 699 904 783 Vgoletum
934 706 1113 765 commenta
1142 717 1201 763 sua
1230 699 1340 782 inepta
1368 705 1464 780 alque
1486 696 1616 762 iniiceta
1638 715 1695 781 pro
1718 695 1824 761 Auso·

196 821 302 887 nianis
325 820 502 887 venditare.
548 820 595 886 sic
617 819 792 885 Sententiis
815 828 937 904 septem
960 819 1141 904 sapientum
1165 818 1312 884 adiunxit
1334 817 1534 902 epigramma
1560 817 1609 899 (A.
1629 816 1724 899 1112)
1749 835 1825 900 pes-

198 943 278 1007 sime
300 964 321 1008 a
344 962 379 1008 se
401 961 442 1006 ex
465 941 589 1006 Graeco
611 941 810 1018 translatum,
839 960 867 1005 e.
891 945 942 1019 50,
970 938 1057 1023 quod
1079 939 1300 1024 imperfectum
1322 958 1395 1004 esse
1417 945 1503 1004 recte
1525 936 1739 1017 intellexerat,
1766 956 1825 1002 ex-

199 1062 299 1147 plevit
327 1068 478 1144 quattuor
499 1060 645 1126 versibus
667 1060 818 1141 adiectis,
853 1067 949 1144 atque
970 1058 1057 1125 idem
1080 1059 1156 1125 iecit
1177 1059 1211 1125 in
1233 1078 1262 1123 e.
1289 1061 1340 1138 87,
1374 1058 1461 1140 quod
1483 1078 1546 1123 non
1569 1077 1641 1124 esse
1663 1057 1824 1139 integrum

197 1189 285 1247 ratus
307 1182 384 1247 item
406 1187 556 1265 quatmor
577 1180 703 1246 addidit
724 1200 837 1246 versus
860 1199 901 1244 ex
923 1179 1063 1245 carmine
1086 1179 1183 1245 Anth.
1209 1179 1279 1244 Pal.
1304 1179 1352 1243 XI
1375 1181 1436 1242 254
1461 1177 1593 1264 petitos;
1631 1177 1770 1259 deniqne
1792 1177 1826 1241 ln

195 1301 354 1387 Cupidine
376 1301 514 1367 cruciato
537 1301 702 1366 ΧΧΙΠΙ2
726 1307 799 1384 post
821 1321 850 1365 v.
871 1302 921 1379 24,
950 1299 1005 1364 uhi
1027 1299 1206 1366 desiderari
1228 1300 1388 1383 quaedam
1409 1306 1612 1383 cognoverat,
1640 1318 1736 1363 unum
1752 1317 1826 1362 ver-

196 1443 266 1488 sum
295 1422 432 1488 inseruit
456 1422 500 1487 ad
523 1421 631 1487 Ovidii
654 1421 821 1504 exemplar
842 1419 1021 1486 confictum.
1069 1441 1165 1504 quam
1188 1421 1228 1486 ob
1252 1440 1318 1487 rem
1340 1420 1417 1504 quin
1440 1420 1675 1505 epigrammata
1694 1417 1754 1482 illa
1777 1424 1826 1482 at÷

196 1562 257 1626 que
288 1543 386 1607 etiam
416 1562 473 1624 ea,
507 1561 590 1624 quae
621 1540 795 1606 feruntur
824 1560 993 1606 emanasse
1023 1561 1041 1607 e
1070 1540 1275 1624 bybliotheca
1297 1539 1337 1605 G.
1363 1538 1591 1620 Alexandrini,
1624 1540 1667 1605 ah
1688 1537 1825 1622 Vgoleto

197 1663 267 1748 ipso
289 1661 433 1748 proiecta
455 1661 527 1742 sint,
555 1660 704 1745 equidem
728 1681 791 1725 non
814 1660 937 1726 dubito.
977 1661 1011 1727 id
1033 1661 1119 1744 quod
1141 1667 1268 1746 praeter
1290 1681 1329 1727 ea
1352 1661 1574 1745 comprobatur
1589 1658 1682 1724 Anici
1698 1656 1826 1723 Pr0hini

196 1784 229 1848 in
257 1784 349 1848 titulo
379 1781 620 1867 epigrammatis
649 1782 688 1845 A.
715 1782 742 1846 V
765 1784 806 1844 20
836 1782 1152 1859 commemoratione;
1185 1802 1303 1848 nomen
1332 1781 1416 1847 euim
1447 1780 1529 1846 illud
1558 1779 1650 1845 finxit
1671 1779 1827 1861 Vgoletus

196 1923 317 1968 memor
345 1923 470 1982 eorum,
504 1923 588 1986 quae
618 1902 742 1984 legerat
771 1902 858 1987 apud
881 1902 1115 1982 Claudianum,
1150 1923 1246 1986 quem
1278 1902 1348 1987 ipse
1371 1909 1520 1985 quattuor
1542 1899 1636 1967 annis
1658 1905 1732 1965 ante
1755 1896 1827 1963 edi-

196 2023 303 2103 derat,
336 2031 369 2088 et
399 2022 556 2088 chronicis
584 2021 721 2088 fortasse
752 2022 793 2088 de
816 2023 951 2088 Ausonii
973 2023 1007 2088 in
1029 2024 1197 2089 consulatu
1220 2023 1348 2107 collega
1370 2022 1515 2088 edoctus.
1562 2021 1643 2087 haec
1664 2019 1763 2103 igitur
1785 2016 1825 2082 de

196 2143 324 2226 Vgoleti
347 2143 461 2209 fraude
484 2141 657 2208 sufficiant.

282 2271 395 2346 quarto
430 2264 498 2329 loco
532 2263 712 2329 describam
747 2263 920 2330 editionem
949 2266 1130 2331 Venetam
1160 2286 1191 2330 a.
1223 2282 1324 2330 unvn
1353 2265 1387 2330 in
1417 2264 1522 2330 lucem
1552 2262 1721 2342 emissam,
1760 2238 1923 2344 quai'i'iffli

198 2385 238 2449 Η.
257 2384 445 2450 Aventius
468 2383 604 2449 alteram
620 2384 756 2449 Ausonii
779 2384 997 2450 recensionem
1021 2385 1178 2451 exhibuit.
1218 2384 1335 2451 hocin
1357 2384 1439 2450 libro
1462 2385 1599 2470 primum
1621 2383 1729 2448 editae
1752 2387 1826 2446 sunt

196 2504 370 2571 Theodosii
401 2504 444 2570 ad
473 2504 649 2569 Ausonium
680 2511 713 2569 et
742 2505 876 2570 Ausonii
905 2505 948 2571 ad
979 2506 1196 2571 Theodosium
1227 2505 1386 2591 epistulae
1420 2506 1463 2588 (1,
1489 2506 1555 2589 II),
1588 2502 1824 2589 Pythagoricon

201 2624 394 2707 (XXVIIII),
422 2623 657 2690 Genethliacon
677 2623 810 2707 (XIIII),
837 2625 875 2688 E.
894 2625 999 2708 XVII,
1026 2625 1150 2706 XXIII,
1178 2626 1280 2706 XXV,
1308 2625 1447 2710 deniqne
1470 2625 1669 2712 epigramma
1691 2623 1731 2688 de
1754 2642 1824 2687 ma-

196 2752 243 2810 tre
266 2744 405 2827 Augusti
433 2747 480 2827 (A.
507 2746 627 2829 1135).
673 2751 771 2828 atque
801 2745 1002 2828 epigramma
1031 2747 1112 2812 illud
1142 2746 1227 2812 unde
1250 2747 1379 2830 petierit
1400 2745 1573 2824 Avantius,
1609 2764 1670 2828 ego
1693 2742 1823 2826 quidem

196 2865 318 2946 ignoro.
359 2864 485 2929 videtur
507 2864 721 2948 fragmentum
744 2865 895 2930 carminis
910 2866 1078 2933 cniusdam
1093 2887 1176 2948 esse,
1203 2887 1266 2950 quo
1281 2868 1343 2932 nisi
1359 2867 1455 2932 iallor
1470 2867 1564 2932 Livia
1578 2866 1818 2940 celebrabatur,

197 2984 255 3049 sed
278 2984 397 3049 frustra
420 2983 570 3050 Ovidium
593 2992 626 3050 et
648 2985 923 3066 Consolationem,
950 3008 1033 3070 qnae
1055 2987 1097 3052 ad
1120 3008 1194 3054 eum
1217 2987 1301 3054 falso
1323 2988 1469 3070 refertur,
1496 2986 1612 3055 evolvi.
1658 2984 1693 3050 id
1716 2990 1822 3049 tamen

197 3112 316 3170 certum
347 3113 397 3169 esi
424 3105 465 3170 ab
489 3105 630 3170 Ausonio
660 3104 720 3169 hos
750 3125 863 3171 versus
891 3108 1051 3191 proiectos
1081 3128 1142 3173 non
1173 3128 1256 3175 esse.
1305 3117 1411 3175 cetera
1437 3114 1565 3193 praeter
1586 3103 1822 3191 Pythagoricon

196 3225 353 3290 Aventius
384 3225 564 3310 desumpsit
591 3246 632 3290 ex
661 3227 848 3311 apographo
871 3228 1008 3293 Parisini
1032 3230 1135 3311 8500,
1168 3228 1402 3312 Pythagoricon
1432 3249 1472 3295 cx
1496 3227 1750 3311 Guelferbytano
1772 3222 1822 3288 al-

195 3351 264 3410 tero
292 3343 386 3427 (Gud.
410 3349 497 3423 1451;
523 3345 558 3410 in
581 3347 720 3431 epistula
742 3347 832 3412 XXV
855 3355 962 3414 autem
985 3354 1112 3433 praeter
1133 3348 1312 3414 Parisinum
1334 3348 1483 3415 adhibuit
1504 3349 1641 3413 alterum
1665 3344 1816 3423 codicem,

196 3464 353 3530 Vossiano
380 3469 434 3528 111
462 3466 677 3548 simillimum3
712 3489 786 3533 narn
809 3488 849 3534 ex
871 3467 929 3533 tali
952 3469 1080 3534 demum
1105 3468 1255 3550 lacunas,
1288 3489 1371 3553 quae
1394 3476 1469 3535 sunt
1489 3468 1522 3533 in
1549 3473 1578 3548 P,
1606 3487 1658 3532 vv.
1685 3468 1736 3544 53,
1765 3466 1816 3542 79,

197 3587 335 3667 sii—92,
362 3586 492 3670 explere
515 3588 617 3672 potuit
644 3588 694 3671 (ci.
720 3588 846 3674 Peiper.
873 3592 961 3673 342).

98 3702 102 3709 ’
282 3704 357 3770 huic
387 3705 520 3771 editioni
549 3708 724 3792 adiungam
746 3709 1017 3776 AscensIanam
1048 3710 1089 3774 ab
1112 3709 1306 3795 Hieronymo
1327 3709 1491 3776 Aloandro
1513 3711 1716 3790 auratasne).
1763 3684 2028 3784 cs-liill'¹⁸¹⁵¹¹³¹³

196 3824 334 3908 shgatus
356 3826 461 3891 estin
483 3826 543 3892 hoc
565 3828 647 3893 libro
662 3828 797 3894 Mosella
819 3837 915 3912 atque
938 3830 1050 3894 ultimo
1073 3851 1168 3896 versu
1187 3830 1315 3896 adiecto
1330 3831 1363 3896 in
1380 3831 1540 3915 integrum
1556 3829 1731 3908 restitutus,
1758 3847 1822 3909 qua

196 3944 228 4009 in
252 3965 286 4011 re
301 3965 380 4011 usus
395 3953 445 4012 est
459 3946 622 4014 Aleander
637 3948 747 4014 oodIoe
774 3956 809 4015 ‘e
824 3949 1021 4016 bibliotheca
1036 3950 1102 4016 divi
1117 3951 1246 4017 victoris
1260 3951 1293 4017 in
1309 3951 1492 4017 suburbano
1508 3950 1637 4036 parisiis
1653 3949 1755 4014 eruto*
1768 3950 1817 4031 ¹¹¹).

196 4085 237 4130 ex
266 4066 379 4132 eodem
409 4065 520 4132 codice
550 4068 652 4134 edidit
680 4070 829 4153 eglogam
858 4071 899 4136 de
928 4072 1009 4137 rosis
1038 4073 1085 4154 (A.
1112 4072 1152 4154 Ili
1180 4080 1276 4155 atque
1299 4072 1441 4138 Ausonio
1469 4070 1632 4137 adtribuit.
1681 4075 1821 4135 ceterum

197 4184 311 4250 librum
340 4186 451 4265 illum,
484 4186 512 4252 si
541 4188 716 4273 scripturas
745 4191 816 4256 eius
846 4191 878 4256 in
901 4191 1041 4257 carmine
1064 4192 1105 4257 de
1128 4192 1209 4258 rosis
1229 4191 1427 4277 inspexeris,
1461 4212 1565 4276 nequo
1588 4191 1633 4257 ita
1655 4189 1822 4272 antiquum

196 4326 301 4388 neque
324 4306 440 4371 honum
465 4307 566 4374 luisse
588 4307 684 4374 facile
707 4310 890 4394 intelleges.

282 4426 487 4509 Iuntinam,
513 4448 596 4511 quae
619 4449 811 4514 quamquam
835 4432 948 4497 eodem
970 4453 1054 4497 anno
1076 4452 1138 4515 quo
1160 4433 1279 4499 Aldina
1301 4434 1332 4498 in
1356 4434 1519 4519 publicum
1541 4434 1660 4500 emissa
1682 4441 1741 4511 est,
1768 4438 1820 4496 ta·
1833 4411 1922 4513 litiis
1937 4410 1986 4450 ¹⁵¹⁷

197 4567 270 4611 men
292 4545 379 4630 prior
400 4547 459 4612 illa
481 4547 585 4614 lucem
608 4550 799 4635 adspexisse
823 4551 959 4617 videtur.
1008 4575 1082 4619 nam
1106 4554 1132 4618 si
1155 4554 1323 4621 Mosellam
1346 4555 1529 4640 exceperis,
1558 4555 1593 4621 in
1615 4553 1730 4620 ceteris
1753 4572 1824 4617 car-

197 4667 336 4732 minibus
366 4666 516 4734 editionis
546 4669 711 4752 utriusque
742 4692 806 4737 non
834 4679 884 4738 est
910 4692 1095 4739 consensus.
1143 4695 1238 4758 qnam
1262 4676 1303 4741 ob
1325 4695 1392 4741 rem
1415 4675 1620 4742 statuendum
1642 4681 1692 4740 eat
1713 4673 1823 4736 Avan-

196 4786 291 4867 tium,
324 4806 396 4851 cum
419 4788 571 4854 Aldinam
601 4791 754 4874 parabat,
789 4791 950 4857 Iuntinam
981 4794 1013 4859 in
1035 4794 1173 4860 Mosella
1201 4795 1403 4861 emendando
1431 4796 1465 4861 in
1495 4795 1652 4862 auxilium
1675 4812 1819 4859 vocasse.

200 4900 232 4970 id
253 4905 341 4989 quod
363 4905 460 4972 facile
483 4909 681 4994 intellegitur
703 4911 754 4976 his
777 4912 953 4997 scripturis,
979 4935 1063 4997 quae
1086 4914 1120 4979 in
1143 4922 1278 5000 utraque
1300 4916 1442 4982 editione
1461 4917 1623 4999 leguntur,
1649 4912 1817 4999 inspectis:

203 5031 233 5089 11
273 5028 536 5112 ‘Nouomagum’,
582 5030 823 5112 1851‘ferunt',
863 5036 925 5098 210
960 5034 1122 5116 ‘Veseui',
1160 5039 1221 5099 224
1254 5037 1422 5119 ‘rediget',
1460 5040 1515 5100 261
1556 5036 1722 5118 ‘Cuique',
1759 5035 1822 5096 289

201 5145 450 5230 ‘chalcedonio',
484 5151 547 5212 312
575 5150 713 5233 ‘quadro
735 5152 788 5217 cui
808 5152 865 5233 in',
898 5156 960 5217 324
989 5154 1114 5237 ‘Villa',
1142 5157 1204 5220 336
1232 5157 1420 5239 mutantia,
1448 5161 1510 5220 345
1537 5157 1632 5235 ‘hio',
1664 5155 1820 5236 ‘afforet',

197 5268 259 5332 360
286 5268 471 5349 ‘allabere’,
508 5273 569 5334 4117
598 5271 785 5352 ‘Britanos’,
820 5277 879 5338 461
911 5274 1080 5356 ‘Saxona',
1108 5280 1169 5340 465
1199 5277 1368 5359 *Τεςιιωὶ
1418 5277 1544 5343 videtur
1565 5284 1673 5344 autern
1696 5276 1741 5356 is,
1768 5276 1823 5361 qui

1937 2243 1988 2283 iiiii

284 5564 322 5625 isi
345 5580 408 5614 usus
426 5579 482 5614 sum
500 5581 529 5614 ea
548 5567 668 5621 editIoue.
688 5584 752 5632 quise
772 5572 861 5633 prodiit
880 5572 980 5620 Parisiis
999 5588 1022 5621 a.
1043 5585 1143 5621 srnxrrr.

283 5649 324 5712 is]
346 5653 402 5699 uide
419 5666 484 5713 quse
501 5653 533 5702 (le
551 5653 595 5701 hac
613 5668 639 5702 re
658 5670 682 5716 p.
703 5656 816 5705 XXXVI
834 5660 862 5706 iu
880 5672 987 5706 excursu
1007 5660 1038 5707 do
1056 5660 1204 5720 apographis
1223 5661 1315 5708 codicis
1335 5661 1513 5722 Lugdunensis
1530 5666 1702 5726 exposuimus.
