4358 6234
896 333 1158 392 PROFESSORES
1182 334 1281 399 (XVI).

607 526 772 594 commode
795 527 881 592 laete
904 525 1045 609 benigne
1069 525 1243 604 abstemie,
1270 533 1336 590 tam
1359 525 1440 590 bone
1462 522 1582 589 dandis

694 649 825 714 semper
847 629 1004 707 consiliis,
1032 649 1129 712 quam
1152 628 1309 694 taciturne
1333 627 1435 709 datis,

607 741 673 799 tam
696 734 795 800 decus
818 753 912 798 omne
934 732 998 798 tuis
1021 752 1118 815 quam
1141 753 1216 796 mox
1240 731 1346 809 dolor,
1373 731 1480 796 omnia
1503 730 1618 795 acerbo

696 836 808 903 funere
831 844 1037 921 praereptus,
1066 835 1214 913 Glabrio,
1244 834 1410 915 destituis,

608 959 707 1005 uxore
730 946 763 1005 et
784 939 886 1019 natis,
915 939 1060 1021 genitore
1083 945 1116 1004 et
1137 945 1239 1003 matre
1263 937 1398 1006 relictis.

695 1041 779 1108 eheu
803 1062 901 1124 quam
923 1042 1033 1107 multis
1056 1041 1181 1126 perdite
1204 1040 1405 1106 nominibus!

609 1143 683 1210 flete
707 1143 763 1209 diu
785 1144 895 1224 nobis,
923 1165 1097 1227 numquam
1121 1144 1217 1225 satis,
1245 1144 1355 1227 accipe
1378 1144 1546 1217 acerbum,

697 1247 848 1330 Glabrio,
875 1247 908 1313 in
931 1254 1097 1313 aeternum
1121 1253 1366 1313 commemorate
1390 1247 1473 1311 vale.

947 1520 1004 1587 26.
1032 1520 1229 1588 CORONIS.

609 1695 697 1772 Quos
720 1693 804 1777 legis
826 1714 847 1758 a
869 1693 974 1778 prima
997 1693 1152 1759 deductos
1175 1692 1303 1758 menide
1326 1693 1417 1770 libri,
1741 1712 1790 1762 atu
1812 1715 1905 1775 (xxv,

696 1796 843 1862 doctores
865 1796 991 1881 patriae
1016 1797 1096 1863 scito
1119 1796 1221 1862 fuisse
1244 1816 1335 1862 meae

609 1899 811 1984 grammatici
832 1900 867 1965 in
890 1899 998 1965 studio
1021 1901 1074 1966 vel
1097 1899 1236 1965 rhetoris
1258 1900 1370 1966 autin
1393 1907 1544 1982 utroque,

694 2022 774 2085 quos
797 2022 995 2070 memorasse
1018 2003 1097 2069 mihi
1119 2011 1220 2069 morte
1243 2003 1330 2070 obita
1354 2003 1434 2069 satis
1457 2011 1516 2069 est.

608 2106 774 2173 viventum
796 2106 961 2172 inlecebra
984 2113 1034 2172 est
1056 2106 1217 2171 laudatio:
1244 2107 1373 2172 nomina
1396 2112 1520 2171 tantum

695 2229 775 2275 voco
798 2209 883 2275 ciere
908 2209 976 2275 suis
999 2209 1140 2275 sufficiet
1160 2209 1304 2275 tumulis.

609 2332 703 2396 ergo,
732 2312 787 2397 qui
809 2320 939 2378 nostrae
962 2312 1046 2395 legis
1069 2312 1134 2377 otia
1155 2312 1261 2377 tristia
1284 2312 1430 2383 chartae.

696 2415 858 2498 cloquium
881 2435 922 2480 ne
945 2423 980 2480 tu
1004 2435 1122 2499 quaere
1145 2423 1195 2480 set
1217 2415 1374 2481 officium.

610 2539 673 2602 quo
697 2519 794 2584 claris
817 2518 985 2602 doctisque
1008 2517 1087 2583 viris
1109 2518 1163 2601 pia
1186 2539 1262 2583 cura
1286 2526 1450 2603 parentat,

526 2644 553 2684 ιο
695 2621 771 2687 dum
794 2621 913 2687 decora
937 2622 1088 2705 egregiae
1110 2621 1326 2687 commeminit
1348 2622 1485 2706 patriae.

972 2894 1028 2961 27.
1051 2896 1205 2962 POETA.

712 3068 842 3149 Valete,
870 3088 983 3133 manes
1006 3067 1185 3133 inclitorum
1209 3068 1387 3141 rhetorum,

797 3172 921 3251 valete,
950 3172 1095 3237 doctores
1118 3170 1224 3255 probi,

711 3273 847 3339 historia
869 3274 897 3338 si
922 3293 1001 3356 quos
1024 3273 1076 3338 vel
1100 3273 1245 3357 poeticus
1269 3274 1362 3339 stilus

798 3376 944 3442 forumve
967 3376 1043 3442 fecit
1065 3376 1191 3441 nobiles

645 3501 658 3540 s
711 3479 857 3546 medicae
879 3480 931 3544 vel
955 3480 1033 3544 artis
1057 3480 1175 3562 dogma
1197 3481 1249 3544 vel
1272 3481 1472 3546 Platonicum

798 3582 889 3649 dedit
910 3583 1045 3667 perenni
1066 3582 1200 3666 gloriae.

712 3685 794 3750 etsi
817 3705 881 3767 qua
904 3684 1021 3750 functis
1044 3706 1121 3750 cura
1144 3685 1308 3750 viventum
1332 3686 1439 3770 placet

797 3787 950 3871 iuvatque
973 3788 1072 3852 honor
1094 3789 1318 3872 superstitum.

712 3889 849 3975 accipite
873 3897 1031 3956 maestum
1056 3891 1206 3956 carminis
1231 3893 1351 3957 cultum
1373 3892 1437 3958 inei

627 4013 656 4055 10
797 3999 920 4058 textum
944 3994 1089 4076 querella
1111 3991 1222 4059 flebili.

711 4095 823 4161 sedem
846 4096 985 4181 sepulcri
1009 4103 1117 4161 servet
1138 4097 1288 4162 immotus
1312 4097 1407 4177 cinis,

798 4199 953 4264 memoria
976 4199 1064 4265 vivat
1085 4200 1266 4280 nominum,

643 4358 645 4363 .
711 4300 788 4366 dum
810 4309 933 4367 remeat
955 4302 1038 4368 illud
1060 4302 1175 4368 iudicis
1198 4302 1282 4368 dono
1306 4303 1358 4369 dei

797 4424 964 4470 commune
987 4425 1060 4470 cum
1082 4405 1132 4470 dis
1155 4407 1331 4471 saeculum.

289 4582 526 4590 .-----.-
534 4584 562 4588 .-.
589 4583 596 4588 .
606 4583 683 4587 ---.

357 4678 408 4734 25.
446 4683 474 4733 ll
496 4683 570 4743 Verg.
592 4683 647 4731 Ecl.
668 4683 691 4730 V
708 4681 741 4732 34
760 4687 789 4731 tu
807 4682 883 4730 decus
901 4696 974 4730 omne
993 4684 1045 4730 tuis

357 4935 408 4992 26.
446 4940 457 4989 1
478 4941 592 4990 muenlde
615 4940 635 4988 V
755 4917 894 4988 {libatoria
917 4938 937 4984 l'
957 4938 980 4996 th
999 4935 1045 4999 rn²l
1175 4923 1328 4988 buibenctd
1353 4941 1381 5000 V,
1402 4943 1531 4989 viventum
1550 4943 1616 4991 Saul.
1733 4943 1748 4992 6
1768 4946 1863 4992 suflicit
1887 4946 1905 4991 l'

272 5032 341 5087 (corr.
362 5024 406 5087 m²l
515 5025 577 5076 8tu
596 5040 629 5074 ne
648 5026 716 5074 Sccl.
736 5026 808 5087 υοὶρο
914 5030 952 5072 set
975 5025 996 5070 t'
1016 5024 1041 5085 (d
1057 5021 1103 5084 mss)
1215 5026 1249 5074 lO
1264 5026 1336 5074 decor
1359 5027 1385 5087 V,
1408 5028 1494 5075 decors
1512 5027 1579 5077 Scut.

356 5107 406 5162 27.
445 5112 602 5161 lrctliorum
627 5112 648 5158 V
768 5100 919 5172 ltorumq⁵
941 5110 968 5168 V,
989 5111 1103 5158 forumve
1123 5108 1244 5158 Graevius
1366 5112 1531 5175 sueones».
1549 5114 1568 5159 l'
1588 5116 1626 5164 {ue
1645 5120 1717 5172 crus.)
1838 5124 1903 5165 artes

270 5199 357 5247 Douoc
462 5199 593 5248 leuuctis
616 5198 643 5259 V,
665 5198 762 5246 iunctis
781 5197 869 5246 bocca
985 5195 1001 5243 9
1020 5198 1104 5258 accipe
1126 5196 1224 5246 Vecrr.
1245 5197 1404 5245 Pulmunnus
1523 5199 1549 5247 ll
1571 5201 1696 5261 sepulchri
1720 5202 1747 5254 t',
1768 5202 1904 5262 sepulchris

269 5283 445 5344 Lugduolpo
552 5280 807 5345 tumulturio)
918 5281 1006 5330 lidie
1031 5282 1102 5341 Vtin
1120 5297 1169 5342 my.
1191 5298 1224 5331 m.
1245 5298 1292 5331 rec.
1315 5284 1364 5343 dis,
1471 5285 1540 5332 Fluit
1565 5284 1676 5344 v'tmtu
