4358 6234
1013 329 1166 386 tvsottn

628 542 658 583 ta
711 541 775 586 non
799 521 865 606 (ut)
888 521 981 604 tigris
1003 528 1053 600 te,
1080 540 1144 585 non
1167 519 1270 587 leonis
1292 519 1433 606 impetu,

796 646 904 691 amore
927 626 985 691 sed
1008 645 1082 690 caro
1105 632 1232 710 expeto.

710 729 821 795 videre
844 729 966 794 alumni
987 730 1091 812 gestio
1114 729 1219 794 voltus
1241 728 1305 794 mci

797 839 830 898 ct
850 832 958 897 indole
981 839 1091 917 optata
1113 832 1188 898 frui.

710 936 831 1000 inritus
854 936 930 1001 olim
954 935 1107 1001 devoravi
1130 936 1300 1002 absentiae

796 1040 1022 1104 necessitatem
1044 1039 1217 1124 pristinae,
1383 1113 1385 1117 ¹

711 1141 872 1225 qnondam
896 1141 1032 1208 docendi
1055 1163 1187 1209 munere
1210 1142 1399 1208 adstrictum
1421 1143 1514 1227 gravi

797 1247 952 1311 Iculisma
974 1265 1046 1312 cum
1067 1253 1100 1312 te
1122 1246 1352 1323 absconderet,

711 1357 743 1414 et
763 1350 950 1415 invidebam
973 1349 1067 1415 devio
1089 1371 1128 1416 ae
1151 1351 1219 1416 solo
1242 1352 1312 1415 loco

797 1473 878 1539 opus
900 1474 1106 1519 camenarum
1128 1454 1206 1537 tegi.

710 1564 745 1620 at
766 1578 851 1622 nuno
873 1557 1057 1641 frequentes
1078 1564 1176 1640 atque
1199 1559 1303 1623 claros
1326 1579 1386 1624 nec
1407 1560 1518 1644 procul

798 1682 870 1725 oum
892 1660 1008 1726 floreas
1029 1662 1114 1726 inter
1135 1662 1221 1726 viros

709 1764 833 1847 tibique
854 1772 981 1830 nostras
1003 1771 1118 1830 ventus
1141 1784 1237 1829 auras
1260 1765 1386 1831 deferat

797 1887 955 1949 auresque
980 1887 1084 1933 sermo
1107 1869 1270 1946 verberet,

711 1992 768 2036 eur
789 1991 841 2036 me
864 1972 979 2056 supino
1002 1973 1142 2056 pectoris
1164 1972 1251 2037 fastu
1273 1979 1401 2037 tumeam

799 2074 925 2159 spernis
947 2081 1073 2159 mtam
1096 2077 1277 2147 consulem,

711 2179 820 2261 tuique
842 2186 1003 2243 amantem
1026 2188 1121 2261 teque
1143 2179 1312 2244 mirantem
1334 2200 1374 2244 ac
1395 2188 1453 2244 tna

797 2280 1035 2347 desiderantem
1058 2282 1202 2347 carmina

711 2384 831 2451 oblitus
854 2384 920 2449 alto
942 2385 1092 2467 neglegis
1114 2385 1267 2450 fastidio?

798 2487 990 2571 plectendus
1012 2489 1161 2572 exemplo
1183 2495 1256 2567 tuo,

711 2592 745 2656 ni
768 2592 895 2657 stabilis
917 2611 998 2656 aevo
1021 2592 1161 2676 pectoris
1183 2594 1284 2656 nostri
1306 2592 1388 2658 fides

798 2715 992 2776 quamquam
1015 2702 1204 2759 recusantes
1226 2704 1323 2760 amet.

712 2798 797 2862 rale.
845 2797 954 2862 valere
977 2798 1005 2861 si
1028 2798 1119 2862 roles
1141 2818 1212 2875 me,
1238 2799 1373 2883 pervola

799 2922 870 2965 cunt
894 2901 1012 2966 scrinio
1034 2908 1067 2965 et
1089 2901 1190 2965 musis
1211 2909 1277 2966 tuis

512 3179 600 3244 xli.
629 3177 841 3242 ,tt'soaivs
864 3175 1003 3243 PROBO
1026 3176 1278 3243 PRAEFECTO
1300 3176 1545 3243 PRAETORIO
1566 3178 1661 3242 stt.

1072 3347 1104 3411 1.

359 3508 478 3573 Oblata
500 3528 559 3590 per
580 3505 781 3586 antiquarios
803 3524 892 3568 mora
914 3503 981 3567 scio
1002 3503 1152 3587 promissi
1175 3504 1239 3569 mei
1261 3504 1398 3587 gratiam
1421 3505 1646 3590 expectatione
1668 3515 1901 3592 oonsumptam
1920 3511 1963 3561 ⁴⁰⁵

271 3611 391 3677 Probe.
418 3611 467 3673 rir
488 3610 623 3694 optime:
657 3609 691 3671 in
714 3607 866 3672 secundis
892 3614 1000 3670 tamen
1028 3606 1132 3672 babeo
1154 3628 1218 3672 non
1241 3607 1410 3673 fefellisse.
1457 3610 1616 3693 apologos
1638 3609 1761 3674 'litiani
1783 3619 1817 3676 et
1838 3612 1905 3676 Xe-
1923 3583 1957 3640 ι’]

271 3714 357 3798 potis
378 3714 540 3777 chronica.
566 3711 660 3793 quasi
684 3710 766 3774 alios
788 3711 942 3793 apologos
980 3730 1055 3774 nam
1078 3718 1111 3775 et
1124 3710 1196 3794 ipsa
1212 3711 1315 3775 instar
1329 3718 1404 3775 sunt
1419 3710 1608 3775 fabularum¹
1637 3712 1682 3776 ad
1703 3714 1903 3780 nobilitatem

271 3828 359 3882 tuam
383 3817 473 3880 misi.
504 3814 653 3897 gaudens
676 3822 773 3895 atque
796 3813 894 3877 etiam
917 3813 1061 3895 glorians
1084 3813 1151 3878 sore
1174 3814 1317 3896 aliquid.
1349 3814 1435 3897 quod
1457 3814 1501 3878 ad
1521 3815 1756 3882 institutionem
1780 3826 1902 3882 tuorum

271 3918 456 3983 sedulitatis
479 3937 571 3981 meae
594 3916 702 3979 studio
725 3915 918 3980 conteratur.
966 3916 1078 3980 libello
1107 3924 1213 3982 tamen
1236 3918 1445 4002 apologorum
1468 3918 1603 3983 antetuli
1624 3939 1748 4003 paucos
1769 3921 1933 4005 epodos.⁵

271 4021 378 4086 sudio
400 4022 433 4085 in
457 4030 489 4083 te
512 4019 735 4084 observantiae
759 4040 850 4084 meae
874 4019 1166 4102 impudentissimo.
1192 4040 1314 4103 pancos
1336 4020 1478 4102 quidem,
1504 4029 1540 4085 ut
1560 4040 1623 4103 ego
1638 4022 1758 4104 loquax
1774 4024 1900 4089 iudico:

272 4145 382 4189 rerum
405 4136 456 4187 tn.
470 4133 476 4142 “
491 4142 563 4186 enm
587 4122 724 4204 legeris.
757 4123 856 4187 etiam
886 4123 1020 4186 nimium
1048 4123 1166 4187 multos
1196 4122 1336 4206 putabis.
1384 4123 1498 4186 adiuro
1519 4123 1779 4190 benevolentiam
1802 4134 1901 4207 tuam

271 4226 486 4292 verecundiae
509 4245 601 4288 meae
630 4234 763 4290 testem.
795 4245 851 4289 eos
877 4226 956 4289 mibi
985 4225 1091 4290 subita
1120 4226 1329 4308 persuasione
1359 4223 1504 4290 fluxisse.
1551 4246 1626 4290 nam
1654 4228 1730 4310 quis
1759 4228 1821 4294 bos
1850 4227 1904 4294 diu

271 4331 447 4413 cogitaret?
477 4326 562 4410 quod
584 4347 663 4390 sane
685 4328 749 4411 ipsi
771 4348 829 4413 per
850 4349 886 4393 se
909 4329 1099 4413 probabunt.
1147 4328 1213 4392 fors
1236 4328 1323 4395 fuat.
1349 4336 1385 4393 ut
1407 4328 1435 4393 si
1456 4327 1537 4393 mibi
1557 4328 1624 4393 rita
1646 4338 1819 4415 suppetet,
1845 4331 1905 4396 ali·

362 4608 392 4654 15
410 4607 470 4653 lior.
492 4607 572 4653 Cum.
593 4608 604 4653 l
623 4606 667 4657 23.
687 4606 753 4667 itaq.
773 4609 845 4667 atqui
864 4620 912 4652 utin
930 4620 976 4658 ego
995 4616 1021 4652 to
1040 4609 1110 4665 tigris
1129 4618 1158 4653 nt
1176 4622 1265 4667 aspera
1283 4607 1437 4655 tlaetalaare
1455 4609 1494 4654 leo
1511 4608 1626 4666 inagete
1644 4622 1784 4670 peneqnor

359 4693 428 4739 xil.
450 4688 479 4740 l.
515 4692 530 4739 S
550 4692 612 4739 Stat.
636 4692 697 4740 silv.
719 4694 729 4740 l
749 4694 830 4740 Praei.
852 4692 865 4738 ῑ
886 4694 970 4739 subito
988 4693 1068 4739 calore
1088 4731 1094 4738 .
1111 4729 1140 4740 ..
1161 4694 1291 4739 fluxerunt
1425 4692 1442 4739 9
1459 4694 1521 4740 ibid.
1542 4692 1576 4740 2⁰
1592 4707 1748 4755 quaquam
1767 4697 1853 4749 timeo,
1873 4710 1904 4743 na

271 4793 361 4826 rernm
379 4780 445 4824 istuc
464 4790 553 4824 varana
569 4791 668 4838 qnoque
686 4780 736 4839 ipat
754 4780 785 4826 de
803 4792 831 4825 se
849 4779 953 4838 probent

362 5037 391 5085 15
411 5044 439 5084 ttt
456 5051 506 5084 ortt.
527 5053 559 5087 aa.
578 5035 640 5084 odd.
662 5036 684 5082 Ε
794 5037 872 5095 tygris
894 5036 914 5082 t
1023 5035 1051 5083 ii
1071 5037 1161 5082 ttttlttta
1183 5036 1203 5082 Τ
1313 5035 1504 5085 testacearios
1526 5036 1547 5083 t
1657 5036 1688 5087 21
1710 5040 1838 5089 adstricta
1857 5039 1906 5089 Ν

271 5124 305 5174 2⁴2
324 5125 402 5171 trulla
420 5128 484 5170 nacti
506 5122 575 5185 118.
595 5124 707 5170 contituta
725 5137 782 5169 tom
797 5122 829 5173 M.
853 5123 970 5169 leulismt
987 5135 1045 5167 rtttu
1058 5122 1127 5169 Semi.
1234 5123 1450 5169 absnmdeatnrf
1552 5123 1587 5171 tt
1603 5138 1666 5187 opes
1680 5127 1785 5175 tim
1801 5130 1872 5188 rotqo

271 5208 483 5259 camenaruml
588 5208 621 5257 25
640 5212 715 5261 nost.
730 5214 837 5256 notaret.
856 5208 884 5257 li.
899 5221 966 5255 nutte
985 5203 1058 5252 least
1161 5207 1196 5255 ‘29
1216 5209 1366 5270 sappino!
1469 5216 1571 5272 pertore
1591 5209 1613 5256 Τ
1715 5214 1751 5261 w
1768 5213 1904 5263 mamis?

273 5297 303 5345 :tl
325 5294 574 5357 repastinantem
641 5294 674 5342 3³
694 5296 837 5353 negligis·
908 5293 1009 5350 fastigio
1023 5291 1122 5350 liudp*
1192 5292 1224 5339 a:
1238 5295 1660 5357 atnepemotaeuremiptor
1729 5298 1905 5348 semoti

361 5380 431 5431 Xl'l.
454 5376 482 5432 l·
519 5382 647 5429 sumtus
664 5380 743 5429 lauto
760 5381 886 5442 praetecta
904 5380 1027 5442 praetorio
1063 5362 1119 5438 pret
1139 5362 1203 5440 pret.
1225 5379 1253 5425 ‚tt
1284 5381 1332 5427 aal.
1356 5388 1412 5427 ἀι.
1435 5379 1474 5427 tt·
1495 5397 1517 5429 aa
1636 5380 1822 5446 leonum·
1841 5383 1904 5432 Ha

271 5468 439 5532 iappoiagoe
456 5467 622 5527 Litana&-
714 5469 800 5514 tiriatn
811 5466 837 5511 ,11
933 5464 1065 5513 temate·
1079 5463 1127 5511 ΠΙ
1212 5466 1298 5514 tuiti
1313 5466 1359 5513 HI
1442 5467 1691 5529 beppologarand'
1775 5467 1907 5532 epatu!

271 5554 542 5618 §lupadcatlaatatoe
559 5566 593 5606 aa.
613 5552 837 5616 impudentissimo
850 5564 894 5611 eqo
999 5549 1014 5597 ἷ
1032 5550 1233 5599 beniuolentiam
1254 5551 1328 5601 rm.
1347 5553 1552 5602 muraenam
1569 5558 1617 5602 et
1725 5552 1744 5604 8
1760 5552 1809 5605 bat
1820 5553 1901 5617 hya

269 5643 342 5705 adpo
445 5638 561 5689 ament
583 5638 605 5686 T
671 5642 819 5700 aappetatst
840 5635 862 5683 t
