4358 6234
933 357 1163 412 Puoouurvu.
1767 358 1859 422 XVII

645 580 709 632 dem
734 580 838 632 mentio
862 579 921 633 liat.
960 596 1041 649 quam
1066 580 1103 634 ob
1124 595 1181 634 rem
1200 580 1260 633 veri
1278 579 1448 634 simillimum
1467 586 1512 634 est
1529 580 1785 648 Technopaegnion
1803 581 1858 634 iam

645 664 753 733 aliquot
778 665 858 718 annis
881 672 946 719 ante
969 666 1113 719 conditum
1131 681 1164 718 ac
1183 665 1293 720 Paulini
1312 667 1422 719 nomine
1441 672 1568 720 ornatum
1588 683 1613 719 a.
1634 678 1790 718 ocerrxxxx
1808 666 1862 719 Pa·

647 753 711 803 cato
731 750 894 804 dedicatum
913 767 976 805 esse
999 750 1044 813 tel.
1064 751 1203 805 Brandes.
1224 752 1242 805 I.
1263 766 1288 806 c.
1308 768 1336 820 p.
1356 754 1389 803 62
1409 753 1474 806 adn.
1496 755 1519 815 5]

321 851 395 903 Inter
412 867 438 904 a.
459 864 614 905 ‹tcenxxxx
634 859 663 906 ct
681 866 875 907 ecrrxxxxur
894 856 1016 922 scriptae
1035 862 1100 909 sunt
1118 855 1258 923 epistulae
1277 853 1376 908 xxlll
1396 862 1426 908 ot
1445 854 1559 908 XXIIII

317 971 342 1007 a.
364 967 559 1008 ccuuxxxxrrr
579 957 702 1024 epIstulu
722 955 812 1010 XXV.

1014 1389 1083 1462 ΙΠ.

1873 1576 1965 1625 Quinam
1979 1587 2007 1616 ex
2021 1588 2058 1616 ss·

318 1592 451 1657 Ausonii
474 1595 631 1678 opuscula
654 1594 782 1677 quantis
805 1594 956 1659 laudibus
979 1595 1020 1659 ab
1045 1595 1237 1679 aequalibus
1262 1595 1331 1660 eIus
1355 1601 1468 1660 ornata
1490 1595 1568 1676 sint,
1602 1595 1716 1676 facile,
1750 1595 1777 1659 si
1806 1595 1858 1660 vel
1872 1628 2029 1719 mausz„

1874 1691 1913 1730 pos
1939 1690 1991 1719 non
2007 1690 2033 1718 us

232 1713 334 1777 obiter
366 1712 495 1777 libellos
525 1715 567 1778 ab
597 1734 636 1779 eo
667 1715 862 1799 conscriptos
892 1715 1155 1800 perlustraveris,
1190 1715 1371 1798 intelleges.
1419 1735 1493 1779 nam
1523 1715 1602 1795 etsi,
1635 1723 1671 1780 ut
1699 1722 1767 1779 erat
1790 1713 1860 1779 eius
1875 1731 2021 1790 certioribus

1875 1781 1966 1822 Ausonii
1977 1782 2069 1832 eiusque

235 1832 352 1897 aetatis
382 1852 468 1914 mos,
503 1834 693 1918 saepissime
724 1835 864 1900 detraxit
894 1835 933 1900 de
961 1835 1052 1900 libris
1075 1835 1160 1913 suis,
1193 1835 1228 1899 id
1250 1855 1314 1899 non
1337 1835 1433 1900 aliam
1458 1835 1498 1900 ob
1521 1854 1652 1899 causam
1675 1835 1766 1917 lecit,
1799 1833 1860 1898 nisi
1874 1833 2069 1925 fimum,

234 1958 268 2017 ut
299 1972 338 2018 ea
359 1973 394 2019 re
416 1973 512 2036 quam
536 1954 693 2018 maximas
715 1954 850 2018 aliorum
875 1956 1078 2021 laudationes
1102 1961 1299 2040 provocaret.
1346 1974 1385 2018 ae
1408 1955 1526 2019 scimus
1549 1954 1808 2020 Valentinianum
1831 1962 1863 2020 et

234 2071 420 2137 Gratianum
446 2073 554 2155 magni
577 2074 800 2140 aestimavisse
823 2074 957 2140 Ausonii
981 2083 1146 2159 poemata,
1178 2074 1381 2141 Theodosius
1403 2074 1436 2139 in
1460 2073 1598 2159 epistula
1621 2074 1664 2139 ad
1686 2074 1861 2139 Ausonium

234 2191 333 2258 missa
362 2214 454 2274 eum,
490 2200 525 2258 ut
546 2193 607 2259 sibi
631 2195 773 2259 carmina
796 2215 854 2260 sua
876 2196 1015 2279 legenda
1037 2196 1158 2277 mittat,
1193 2194 1379 2278 flagitatae
1401 2194 1506 2277 magis
1530 2195 1626 2260 etiam
1650 2214 1685 2259 se
1708 2214 1781 2259 eum
1803 2192 1863 2258 ad-

233 2311 341 2376 mirari
371 2311 449 2378 dicit
480 2334 575 2396 quam
599 2314 780 2398 Augustum
813 2335 953 2381 summos
975 2315 1092 2380 aetatis
1115 2335 1193 2381 suae
1216 2322 1339 2400 poetas.
1386 2315 1452 2380 iam
1474 2314 1553 2398 quid
1575 2315 1679 2379 dicam
1704 2313 1745 2379 de
1767 2314 1864 2398 Sym-

234 2431 364 2512 macho,
398 2433 466 2498 viro
496 2435 523 2498 si
554 2435 626 2517 quis
656 2437 741 2500 alius
772 2456 811 2500 ca
838 2442 945 2500 aetate
977 2434 1137 2500 litterato?
1173 2435 1302 2518 quantis
1328 2435 1384 2499 ille
1408 2433 1559 2499 laudibus
1582 2434 1708 2499 extollit
1730 2432 1863 2499 Ausonii

233 2551 416 2634 ingenium,
450 2561 568 2633 artem,
603 2555 833 2637 eloquentiam!
876 2576 938 2620 non
968 2554 1053 2619 enim
1084 2554 1210 2620 dubitat
1239 2555 1417 2621 Ausonium
1448 2575 1519 2619 cum
1543 2554 1673 2619 Marone
1703 2561 1735 2619 et
1756 2553 1864 2618 Tullio

234 2671 376 2737 conferre
406 2673 510 2759 (epist.
537 2675 551 2738 Ι
578 2680 634 2758 14,
663 2681 699 2751 5;
728 2679 788 2759 31,
818 2678 845 2759 1)
872 2675 1112 2758 identidemque
1136 2681 1219 2756 orat,
1253 2682 1288 2739 ut
1309 2694 1392 2759 quae
1415 2695 1499 2740 nova
1521 2673 1699 2740 condiderit
1721 2675 1863 2739 carmina

234 2813 342 2859 secum
371 2795 581 2862 communicet
610 2797 662 2862 vel
692 2797 774 2863 adeo
806 2797 921 2862 librum
952 2797 1094 2878 aliquem
1124 2796 1186 2861 sihi
1215 2795 1344 2861 dedicet
1377 2796 1481 2882 (epist.
1507 2797 1522 2861 Ι
1549 2799 1605 2878 18,
1632 2817 1664 2880 p.
1693 2798 1742 2875 tu,
1770 2795 1859 2873 ts.;

237 2918 288 2994 31,
315 2918 334 2977 2
360 2921 392 2980 ct
415 2916 461 2994 3).
508 2916 701 3000 Symmacho
730 2916 813 2982 addc
837 2917 1020 2994 Paulinum,
1057 2915 1112 3005 qui
1141 2915 1174 2979 in
1203 2915 1364 3000 prooemio
1393 2916 1550 3000 poematis
1580 2915 1621 2980 de
1644 2915 1774 2998 regibus
1797 2915 1864 2978 Au-

237 3033 318 3098 sonii
347 3035 511 3118 ingenium
541 3037 674 3102 summis
704 3038 820 3103 extulit
848 3036 999 3101 laudibus
1027 3037 1074 3119 (E.
1102 3035 1226 3099 XVIIII
1250 3036 1290 3098 32
1306 3037 1390 3119 sqq.)
1417 3042 1514 3119 atque
1543 3035 1576 3099 in
1599 3036 1702 3100 altera
1724 3033 1864 3119 epistula

235 3155 278 3218 ad
301 3155 476 3221 Ausonium
500 3156 601 3221 missa
628 3160 665 3238 [c.
685 3158 733 3221 XI
750 3160 789 3221 38
807 3159 867 3239 sq.)
895 3156 987 3220 illum
1010 3156 1123 3220 eodem
1147 3154 1242 3219 modo
1265 3174 1328 3236 quo
1351 3154 1563 3240 Symmachus
1586 3174 1657 3220 cum
1680 3155 1810 3219 Marone
1833 3158 1865 3218 et

234 3274 340 3339 Tullio
366 3275 500 3342 contulit
522 3276 573 3341 his
599 3296 677 3342 usus
700 3277 824 3343 verbis:
855 3276 926 3341 ‘vix
942 3277 1070 3341 Tullius
1094 3280 1126 3340 et
1140 3275 1228 3339 Maro
1251 3281 1356 3340 tecum
1380 3275 1559 3341 sustineant
1573 3275 1709 3357 aequale
1723 3274 1861 3357 iugum’.

235 3403 332 3478 atque
362 3403 398 3462 ut
421 3396 636 3480 Symmachus
666 3405 698 3463 et
720 3397 876 3463 Paulinus
906 3397 1014 3462 multis
1045 3397 1123 3462 locis
1153 3395 1302 3461 flosculos
1332 3415 1373 3460 ex
1395 3396 1528 3461 Ausonii
1557 3395 1675 3462 libellis
1705 3394 1864 3460 delibatos

235 3516 268 3580 in
299 3536 391 3581 usum
423 3536 515 3582 suum
547 3525 787 3601 converterunt,
821 3518 866 3584 ita
894 3517 1109 3583 Claudianum
1140 3522 1172 3581 et
1193 3514 1349 3580 Rutilium
1372 3515 1599 3580 Namatianum
1623 3513 1755 3579 Ausonii
1786 3533 1865 3597 poe·

237 3643 324 3701 mata
354 3636 550 3703 lectitavisse
580 3658 617 3703 ac
646 3639 723 3703 loeis
745 3628 938 3721 quibusdam
961 3637 1102 3702 imitatos
1125 3655 1197 3701 esse
1220 3641 1355 3700 constat.
1404 3636 1461 3700 scd
1485 3635 1517 3699 in
1540 3634 1622 3701 hanc
1644 3653 1710 3700 rem
1733 3653 1866 3698 accura-

237 3756 301 3820 tius
331 3757 494 3840 inquirant
522 3758 595 3825 alii:
630 3778 690 3842 ego
720 3759 805 3824 locos
835 3759 906 3824 eius
936 3758 1041 3838 modi,
1076 3756 1130 3840 qui
1154 3755 1233 3820 mihi
1257 3755 1368 3820 horum
1392 3764 1557 3840 poetarum
1580 3755 1721 3820 carmina
1744 3753 1864 3836 legenti

237 3885 458 3958 occurrerunt,
491 3879 524 3943 in
554 3879 789 3945 commentariis
816 3886 849 3944 et
880 3879 914 3943 in
936 3878 1041 3943 indice
1065 3877 1165 3963 primo
1188 3875 1382 3959 significavi.
1431 3875 1568 3960 denique
1591 3875 1650 3940 hoc
1680 3875 1750 3940 loco
1779 3894 1865 3939 com-

237 3997 436 4063 memorandi
460 4004 533 4064 sunt
555 3997 709 4064 Sidonius
732 3999 944 4085 Apollinaris,
972 3999 1026 4083 qui
1050 3997 1237 4077 Ausonium,
1266 3999 1453 4081 popularem
1477 4016 1580 4076 suum,
1607 3995 1739 4060 summis
1762 3993 1865 4078 poetis

237 4116 422 4184 adscribere
445 4139 508 4183 non
531 4118 691 4184 dubitavit
718 4120 769 4202 (cf.
792 4121 884 4205 epist.
912 4120 976 4184 IIII
998 4123 1035 4181 11
1059 4118 1101 4182 ad
1124 4117 1316 4182 Polemium:
1348 4120 1440 4181 ‘nam
1463 4124 1587 4182 tuorum
1610 4115 1768 4201 pueritiae
1791 4133 1865 4178 oon-

239 4245 372 4320 paratus
396 4258 458 4302 non
481 4239 584 4304 solum
607 4238 773 4305 Cornelios
796 4247 954 4321 oratores,
988 4237 1046 4304 sed
1069 4236 1230 4302 Ausonios
1253 4257 1378 4319 quoque
1400 4244 1512 4322 poetas
1535 4237 1662 4301 uincere
1684 4235 1800 4319 potes')
1827 4254 1865 4298 uc

237 4358 457 4442 compluribus
480 4358 558 4423 locis
581 4359 715 4424 Ausonii
738 4359 881 4424 carmina
902 4359 1057 4423 imitando
1079 4357 1256 4441 expressit,
1284 4357 1467 4437 Ennodius,
1495 4356 1585 4421 cuius
1609 4356 1641 4421 in
1664 4354 1812 4440 epistulis
1834 4361 1866 4418 ct

236 4477 431 4543 carminibus
464 4485 552 4543 certa
581 4479 740 4561 quaedam
771 4480 839 4545 eius
868 4477 1055 4544 imitationis
1078 4476 1283 4542 inveniuntur
1306 4477 1459 4560 vestigia,
1496 4476 1703 4560 Fulgentius,
1738 4475 1865 4557 dequo

235 4598 319 4663 infra
340 4599 521 4664 accuratius
545 4598 761 4683 disputabitur
774 4604 809 4680 Il.

323 4718 471 4784 Saeculis
493 4718 646 4803 proximis
670 4719 847 4803 neminem,
882 4720 936 4802 qui
959 4718 1090 4784 Ausonii
1115 4717 1309 4783 mentionem
1332 4718 1460 4798 fecerit,
1489 4724 1685 4802 compertum
1707 4715 1865 4780 habemus

238 4845 364 4923 praeter
379 4839 634 4922 grammaticum,
654 4839 708 4920 qui
725 4839 840 4905 librum
857 4840 897 4904 de
914 4838 1021 4904 dubiis
1036 4838 1217 4903 nominibus
1242 4838 1295 4920 (cf.
1315 4839 1401 4903 Keil.
1421 4837 1564 4902 Gramur.
1583 4837 1640 4902 lat.
1659 4836 1687 4900 V
1703 4839 1759 4899 571
1777 4837 1860 4916 sqq.)

239 4958 437 5043 conscripsit.
490 4958 574 5023 hunc
606 4959 721 5024 librum
753 4980 816 5024 non
845 4967 920 5024 aute
952 4960 1119 5024 saeculum
1149 4959 1319 5042 sepIImum
1350 4957 1490 5022 medium
1521 4966 1624 5022 ortum
1655 4975 1727 5021 esse
1758 4974 1798 5019 ex
1828 4974 1866 5019 eo

175 5119 181 5131 ·
237 5079 408 5163 colligitur,
434 5079 520 5162 quod
543 5101 597 5164 pp.
618 5083 691 5161 582,
714 5083 763 5143 19.
784 5082 858 5161 588,
881 5085 931 5143 11.
951 5083 1024 5162 589,
1044 5083 1097 5144 illl.
1116 5083 1189 5160 593,
1209 5086 1228 5142 5
1252 5079 1314 5144 loci
1337 5078 1468 5161 quidam
1490 5076 1604 5143 Isidori
1627 5084 1660 5141 et
1682 5074 1861 5159 VenantiiI)

326 5393 348 5455 1)
370 5395 481 5453 Sidonii,
508 5394 633 5456 Erinodit,
659 5394 786 5454 Fulgentii
812 5395 876 5442 locos
895 5396 921 5442 In
940 5395 1124 5442 commentariis
1142 5399 1169 5439 et
1187 5393 1268 5440 iudice
1288 5393 1365 5452 primo
1383 5391 1581 5439 commemoravi.
1620 5395 1731 5438 ceterum
1751 5403 1799 5437 non
1818 5389 1866 5436 ‹lu-

239 5480 299 5539 blto‚
318 5481 389 5542 quiu,
410 5480 432 5527 sl
451 5480 510 5540 qula
528 5481 669 5528 nccrrratius
688 5480 784 5528 Sidonii
803 5482 926 5542 epistulas
944 5486 969 5527 et
987 5481 1097 5527 ssrmtns
1115 5480 1264 5539 inspexerit,
1287 5477 1371 5538 plures
1389 5478 1447 5523 eirrs
1467 5475 1531 5522 modi
1552 5474 1616 5523 locos
1636 5478 1786 5524 lrrvcnturus
1805 5477 1847 5523 sit.

325 5564 348 5626 2)
371 5566 442 5614 nulls
466 5579 513 5625 ego
538 5567 564 5612 iu
583 5565 704 5614 venantii
728 5566 884 5614 carmInlbus
907 5567 1059 5614 imitationis
1077 5565 1183 5613 Arasonii
1209 5563 1307 5624 repperi
1334 5563 1448 5617 vestigia.
1487 5563 1530 5608 sed
1554 5567 1582 5608 ut
1600 5562 1748 5620 diIIgeutius
1767 5563 1793 5609 in
1812 5574 1866 5608 earn

238 5665 290 5700 rem
309 5653 461 5714 inquiratur,
481 5666 556 5713 quarn
576 5655 684 5699 maxime
702 5665 765 5713 opus
784 5667 840 5701 esse
859 5653 969 5700 uidetur.

315 5752 439 5794 Ausonius.
1645 5766 1660 5801 θ
