4358 6234
378 336 420 396 22
1122 328 1273 384 avsourr

381 523 610 606 praestantiam
639 524 913 604 eruditionemque
937 527 1088 600 craturae,
1122 539 1218 602 qnam
1249 519 1309 585 deo
1338 526 1371 585 et
1398 520 1483 603 patri
1506 526 1538 586 et
1567 520 1626 586 tibi
1656 520 1773 601 debes,
1806 521 1850 587 ad
1879 520 2014 587 alterius

381 624 560 692 efficaciam
583 627 707 709 gratius
736 633 918 708 retorquere
947 644 1044 706 quam
1073 623 1191 689 verius.
1238 631 1294 688 tua
1323 624 1404 689 haee
1434 624 1533 689 rerba
1563 631 1637 691 sunt
1659 644 1680 689 a
1700 630 1733 690 te
1762 624 1840 690 mibi
1871 624 2008 710 scripta:

386 729 528 795 ‘solvere
555 737 588 795 te
615 729 701 813 quod
730 729 849 794 debeas
879 735 912 794 et
939 727 1046 793 adhuc
1075 727 1193 793 debere
1222 727 1309 809 quod
1339 727 1501 794 solveris'.
1549 747 1568 793 ο
1597 728 1715 794 mentis
1743 749 1863 795 aureae
1892 727 2014 793 dictum
2035 745 2063 786 ιι

381 833 593 905 bratteatum.
644 835 694 897 18.
726 830 808 898 ode
830 838 959 915 pectore
982 829 1209 896 candidissimo
1239 831 1336 898 lactei
1364 831 1520 896 sermonis
1549 830 1752 897 alimoniam!
1800 831 2013 915 quisquamne

381 944 446 1001 tant
476 956 590 1021 parcus
620 944 670 1001 est
690 936 724 1001 in
746 935 959 1001 ostentatione
983 933 1152 1000 beneficii?
1195 934 1364 1017 quisquam
1394 935 1521 1018 pondus
1550 934 1676 1018 gradec
1706 955 1786 1001 suae
1815 935 1881 1000 vim
1907 934 2013 1001 meriti

383 1039 548 1123 profitetur
569 1039 689 1105 alieni?
710 1038 879 1121 qnisquam
903 1037 1043 1118 deniqne
1065 1037 1150 1121 quod
1172 1036 1329 1120 indulget,
1357 1038 1449 1129 quasi
1465 1039 1507 1104 ab
1521 1038 1659 1103 obnoxio
1673 1037 1847 1119 deferatur,
1874 1038 2013 1122 pretinm

383 1143 505 1207 mavolt
527 1162 641 1207 vocare
664 1162 760 1224 quam
783 1141 921 1206 donumt
968 1144 1019 1204 19.
1045 1147 1168 1205 certent
1189 1139 1264 1204 huie
1286 1140 1466 1206 sententiae
1488 1148 1614 1207 veteres
1636 1141 1685 1206 illi
1708 1147 1741 1206 ct
1754 1141 1918 1207 Homerici
1940 1161 2014 1207 ora-

380 1253 480 1313 tores.
515 1245 643 1311 subtilis
672 1244 812 1310 deducta
840 1243 981 1309 oratione
1004 1243 1172 1308 Menelaus
1201 1249 1233 1308 et
1262 1243 1364 1308 instar
1392 1242 1571 1328 profundae
1596 1243 1763 1328 grandinis
1786 1244 1902 1310 ductor
1922 1245 2062 1312 ltus-1⁵

381 1349 508 1414 censius
537 1355 569 1413 et
590 1349 707 1414 melleo
730 1347 894 1413 delibutus
917 1347 1045 1429 eloquio
1074 1346 1138 1411 iam
1168 1345 1283 1412 tertiae
1305 1347 1424 1413 Nestor
1452 1348 1581 1413 aetatis
1628 1348 1688 1413 sed
1717 1368 1822 1430 neque
1849 1349 1908 1414 ille
1937 1369 2014 1415 ceu-

382 1452 507 1517 cinnius
537 1453 718 1536 eloquetur,
753 1451 808 1535 qui
839 1471 874 1517 se
906 1450 1065 1516 Laconica
1093 1450 1251 1516 brevitate
1281 1450 1427 1535 collegit,
1461 1472 1520 1517 nee
1549 1452 1606 1517 ille
1634 1451 1825 1531 couwrtius,
1855 1451 1911 1535 qui
1941 1471 2012 1517 eum

382 1555 530 1620 sensibus
552 1556 651 1621 verba
672 1555 878 1636 glomeravit.
909 1574 969 1620 nec
990 1554 1051 1620 iste
1074 1553 1218 1634 dulcius,
1251 1554 1344 1620 cuins
1367 1555 1449 1621 leuis
1472 1555 1573 1620 oratio
1595 1555 1766 1621 mulcendo
1787 1555 1895 1640 potius
1916 1575 2014 1638 quam

381 1660 598 1740 extorquendo
631 1657 802 1742 persuasit.
850 1662 902 1723 20.
933 1658 1057 1723 solvere
1088 1664 1120 1721 te
1148 1657 1229 1722 dicis
1258 1657 1344 1741 quod
1377 1656 1498 1736 debeas
1531 1664 1565 1723 et
1596 1658 1778 1724 debiturum
1812 1678 1903 1739 esse,
1942 1678 2013 1725 cnm

382 1762 527 1827 solveris.
575 1763 720 1844 Auguste
743 1760 884 1841 invenis,
912 1760 994 1825 caeli
1017 1759 1075 1824 tibi
1098 1767 1130 1824 et
1152 1759 1284 1825 humani
1308 1759 1468 1845 <generis>
1492 1770 1595 1827 rector
1615 1762 1677 1828 hoc
1697 1762 1833 1843 tribuat,
1861 1768 1896 1827 nt
1918 1781 2014 1848 prae-
2032 1779 2063 1821 ιι

381 1867 466 1932 latus
489 1865 647 1948 antiquis,
681 1884 761 1948 quos
784 1865 880 1930 etiam
903 1863 1066 1947 elegantia
1089 1862 1267 1929 sententiae
1288 1863 1383 1928 istius
1406 1865 1623 1946 antecessisti,
1657 1865 1771 1931 vincas
1794 1865 1925 1951 propria
1947 1865 2015 1930 sin-

381 1970 543 2053 gulorum:
570 1968 605 2033 in
621 1969 769 2033 Menelao
791 1968 913 2050 regiam
936 1966 1164 2050 dignationem,
1192 1966 1226 2031 in
1242 1966 1336 2032 Vlixe
1360 1969 1575 2052 prudentiam,
1600 1969 1635 2033 iu
1650 1969 1785 2034 Nestore
1800 1974 2010 2035 senectutem.

468 2073 505 2136 V.
533 2075 585 2135 21.
612 2071 755 2136 Subiciet
776 2071 911 2153 aliquis:
941 2071 1022 2134 ‘ista
1044 2069 1195 2152 equidem
1218 2069 1356 2155 adeptus
1379 2090 1425 2151 es,
1453 2072 1511 2137 sed
1533 2073 1633 2137 effare
1655 2091 1719 2154 quo
1741 2071 1889 2137 meritot'
1935 2071 2013 2154 qnid

382 2196 433 2241 me
455 2194 571 2240 erueras
594 2174 794 2239 sciscitator?
831 2174 987 2239 rationem
1010 2172 1173 2238 felicitatis
1203 2193 1297 2239 nemo
1327 2173 1444 2240 reddit.
1492 2175 1572 2240 dens
1601 2182 1634 2241 et
1666 2175 1721 2259 qui
1754 2174 1816 2241 deo
1849 2175 2014 2260 proximus

381 2280 477 2345 tacite
499 2299 633 2344 munera
654 2278 803 2363 dispertit
824 2277 954 2342 arbitrio
975 2282 1009 2340 et
1031 2276 1257 2342 beneficiorum
1284 2297 1412 2343 suornm
1443 2278 1632 2362 indignatus
1661 2298 1721 2362 per
1749 2278 1896 2344 homiues
1925 2285 2014 2344 stare

381 2381 549 2457 iudicium,
583 2383 703 2446 mavolt
726 2380 767 2446 de
790 2379 927 2446 subditis
956 2378 1086 2445 dedisse
1116 2380 1315 2445 miraculum.
1364 2384 1417 2444 22.
1455 2385 1559 2465 ·quo',
1591 2383 1714 2464 inquis,
1752 2382 1922 2447 ‘rneritot’
1953 2401 2014 2465 ego

382 2486 505 2551 nullum
528 2485 605 2565 scio,
631 2485 693 2550 nisi
708 2483 792 2566 quod
808 2491 853 2563 tu,
881 2482 1024 2568 piissime
1039 2483 1222 2566 imperator,
1250 2483 1370 2549 debere
1393 2491 1425 2549 te
1448 2484 1530 2550 dicis
1546 2493 1579 2550 et
1593 2486 1655 2550 boc
1682 2485 1830 2550 ‘debere'
1854 2484 2013 2552 latissime
2033 2505 2046 2543 ε

382 2588 535 2673 pertinet.
562 2586 632 2654 sive
655 2588 714 2652 hoc
737 2586 925 2653 eruditionis
947 2593 1023 2652 tuae
1046 2586 1161 2652 faenus
1184 2587 1367 2667 existimas,
1395 2588 1464 2653 sive
1487 2588 1557 2654 sine
1581 2588 1713 2654 faenore
1735 2588 1871 2672 gloriam
1893 2589 2014 2655 libera-

381 2693 481 2758 litatis
503 2692 655 2757 affectas.
691 2691 759 2756 sive
783 2698 815 2756 te
838 2690 980 2775 pondere
1003 2698 1177 2774 conceptae
1200 2691 1382 2774 sponsionis
1403 2712 1578 2767 exoneras,
1612 2711 1670 2758 seu
1699 2690 1777 2756 fidei
1806 2691 2013 2757 commissum

382 2795 482 2880 patris
505 2794 664 2873 exsolvis,
695 2814 752 2859 sen
775 2794 1039 2878 magnanimitate
1063 2794 1195 2860 caelesti
1217 2795 1430 2860 ostentatione
1452 2813 1628 2880 suppressa
1650 2795 1702 2860 dei
1724 2813 1842 2860 munus
1863 2794 2011 2860 imitaris.

383 2902 436 2963 23.
461 2898 579 2965 debere
602 2906 633 2963 te
656 2898 748 2964 dicis.
798 2898 873 2963 cni?
895 2898 1047 2981 quande?
1069 2918 1131 2980 quo
1147 2897 1296 2962 nomine?
1319 2898 1392 2981 lege
1408 2899 1636 2982 syngrapham.
1664 2898 1794 2963 nomina
1808 2896 2009 2977 creditorem,

382 3002 506 3086 accepti
529 3010 562 3067 et
583 3002 717 3086 expensi
740 3002 870 3067 tabulae
894 3001 1108 3066 conferantur.
1155 3001 1281 3066 ridebis
1303 3002 1369 3067 alio
1393 3019 1536 3067 summae
1558 3001 1652 3067 istius
1674 3001 1812 3068 transire
1833 3000 2008 3068 rationem:
2036 3019 2065 3061 ιι

382 3104 441 3170 tibi
464 3105 570 3189 coepit
592 3104 673 3170 (leus
695 3104 813 3170 debere
836 3125 892 3189 pro
914 3104 1017 3170 uobis.
1066 3109 1118 3168 ut.
1143 3104 1221 3187 quid
1244 3111 1351 3169 antem
1375 3104 1454 3169 mibi
1477 3105 1585 3185 debes,
1612 3105 1796 3188 gratissime
1818 3105 2015 3190 imperatori

382 3208 501 3294 patitur
522 3208 607 3274 eninr
630 3208 812 3274 humanitas
834 3216 907 3275 tua.
940 3214 976 3273 ut
1004 3217 1132 3293 praeter
1160 3208 1267 3291 regias
1288 3208 1422 3273 virtutes
1449 3209 1577 3291 priuata
1606 3207 1826 3293 appellatione
1855 3206 2010 3274 lauderis.

382 3313 459 3396 qnid
481 3321 515 3378 tn
539 3311 617 3377 milri
641 3310 763 3378 debes?
797 3312 1061 3395 etcontraqnid
1084 3332 1146 3376 nen
1170 3311 1312 3394 egotibi
1335 3311 1460 3376 debeo?
1497 3331 1582 3376 anne
1604 3311 1692 3393 qnod
1714 3310 1831 3376 docuit
1869 3310 1932 3376 lroc
1952 3330 2014 3395 ego

383 3436 511 3499 pssum
535 3416 641 3481 uerius
664 3424 863 3499 retorquere.
896 3415 1028 3498 dignum
1053 3435 1104 3481 me
1127 3415 1289 3483 habiturn.
1322 3415 1377 3497 qui
1399 3414 1563 3481 docerem.
1597 3422 1643 3479 tot
1672 3413 1825 3480 facundia
1851 3414 2014 3480 doctriua-

382 3540 445 3601 que
467 3527 670 3604 praestantes
692 3520 847 3584 inclinata
867 3519 900 3583 in
924 3539 975 3584 me
997 3518 1184 3602 dignatione
1207 3518 1413 3602 praeteritos.
1448 3526 1484 3581 ut
1506 3526 1593 3584 esset
1614 3538 1710 3600 quem
1736 3524 1769 3581 tu
1799 3523 1928 3582 matura
1948 3517 2013 3583 iam
2035 3537 2064 3578 rs

383 3630 489 3688 aetate
520 3623 714 3688 succinctum
744 3643 803 3706 per
831 3641 942 3686 omnes
972 3622 1128 3687 bonorum
1157 3621 1278 3705 gradus
1307 3621 1460 3687 festinata
1489 3621 1632 3688 bonitate
1654 3619 1867 3707 proveheres,
1900 3620 2013 3687 timere

384 3731 418 3791 nt
440 3725 612 3799 videreris,
638 3745 679 3790 nc
702 3726 736 3790 iu
758 3745 809 3790 nte
832 3724 899 3790 vita
921 3723 1090 3794 deficeret.
1126 3725 1202 3789 dum
1225 3725 1283 3791 tibi
1306 3725 1413 3791 adhuc
1434 3725 1558 3807 aliquid
1580 3723 1666 3807 quod
1689 3725 1824 3790 deberes
1847 3731 2013 3810 praestare

384 3837 581 3912 superesset.
778 3824 782 3831 ’

470 3931 525 3995 tl.
552 3934 604 3994 25.
630 3931 738 4014 Negat
752 3930 864 3997 eicere
888 3931 1066 3996 consularis
1090 3932 1174 3997 ultra
1196 3951 1232 3996 se
1255 3931 1374 3997 habere
1397 3931 1482 4013 qnod
1497 3931 1616 4016 cupiat.
1656 3950 1719 4014 ego
1733 3937 1840 3997 numm
1856 3932 1922 3996 iam
1937 3951 2014 3997 oon-

384 4036 434 4101 sul
457 4042 490 4101 et
512 4054 611 4100 senex
634 4033 738 4099 adbuc
761 4033 951 4100 ariditatem
980 4055 1085 4100 meam
1113 4033 1253 4099 fatebor:
1292 4041 1323 4098 te
1355 4033 1464 4098 ridere
1494 4034 1626 4118 saepius
1654 4033 1689 4098 in
1717 4033 1778 4098 hoc
1807 4034 2009 4117 magistratu,

472 4246 531 4293 llll.
557 4244 586 4293 tt
606 4246 635 4293 ll.
659 4246 695 4293 lll
715 4243 764 4292 213
778 4258 830 4306 sqq.
853 4240 1025 4312 ἐπιτροχάδην
1044 4281 1051 4295 ,
1069 4281 1097 4292 ..
1119 4239 1172 4294 οὐδ’
1190 4240 1391 4311 ἀφαμαρτοεπής
1516 4243 1546 4290 15
1564 4244 1626 4292 ibid.
1647 4241 1697 4291 222
1716 4240 1778 4293 ἔπεα
1796 4239 1943 4311 νιφάδεσσιν
1961 4241 2013 4294 ἐοι-

384 4332 448 4383 ιιὸτιι
465 4330 623 4402 χειμερίῃσιν
714 4330 743 4378 iti
762 4331 791 4378 ll.
815 4332 823 4377 l
844 4329 894 4379 2111
907 4345 961 4392 sqq.
1051 4329 1132 4379 2211.
1154 4331 1189 4378 lll
1209 4329 1259 4378 215
1278 4325 1295 4395 i,
1314 4327 1356 4378 zui
1374 4326 1440 4396 γένει
1458 4324 1560 4397 ὕστερος
1578 4326 1638 4395 ᾖενς
1660 4329 1722 4378 ibid.
1736 4327 1788 4377 216
1806 4325 2010 4395 πολΰμηιις...

383 4415 530 4473 'libonotum
553 4419 581 4466 ll.
603 4419 613 4465 l
633 4417 683 4467 2511
696 4432 733 4479 sq.

473 4506 516 4552 l'l.
541 4505 549 4552 1
572 4506 624 4553 1“1ι.
645 4519 689 4566 pro
708 4504 791 4552 tuane.
813 4504 854 4555 25.
876 4505 909 4553 till
928 4504 1049 4553 briccorum
1069 4505 1155 4567 populi
1175 4505 1232 4551 tlnls
1251 4509 1288 4550 eat
1308 4503 1452 4550 consulatus

471 4696 487 4746 8
504 4694 736 4756 erudictienemqnc
756 4693 783 4740 ,11
804 4696 909 4755 (ηιμ
1051 4695 1221 4741 serueueram
1240 4694 1335 4751 gratius
1357 4688 1459 4751 1112ῐέ,
1479 4693 1583 4750 gratiam
1602 4693 1696 4738 rectius
1713 4688 1741 4736 l²
1761 4694 1797 4741 ,ι’νι
1814 4708 1865 4752 unp.
1884 4693 1910 4741 sl
1928 4692 2014 4739 effica-

384 4788 457 4836 ciant.
477 4782 503 4832 nl
521 4784 623 4843 gratius
645 4787 700 4831 cet..
722 4782 826 4841 gratiam
844 4784 940 4841 gratius
953 4780 1040 4840 llelpl.
1151 4780 1181 4828 tu
1200 4779 1292 4826 «labeas
1308 4775 1411 4838 Tlllrp2.
1430 4777 1539 4838 debebas
1557 4775 1592 4836 il,
1612 4777 1721 4825 debebas
1738 4784 1785 4826 act.
1895 4777 1921 4825 11
1943 4779 2014 4825 brac·

384 4872 497 4920 theutum
512 4868 547 4919 ll.
567 4870 721 4916 bracteatum
734 4872 779 4915 cet.
889 4866 919 4914 12
938 4866 1136 4928 mutuemur
1236 4864 1266 4912 13
1285 4866 1377 4911 obem.
1397 4860 1514 4923 uptam!
1614 4863 1645 4911 ll
1664 4863 1794 4911 mvulca
1895 4861 1928 4913 15
1945 4839 2014 4923 ιβ·

383 4960 486 5006 censius
501 4957 527 5007 T.
542 4955 685 5015 ,uenena
704 4953 731 5000 lt
861 4952 891 5000 to
909 4953 1039 5000 conciniux
1060 4951 1080 4997 Τ
1211 4950 1240 4999 l'l
1260 4965 1305 4999 nec
1328 4947 1430 5010 Νὲρὶ,
1450 4963 1533 5010 neque
1552 4946 1578 4995 t*
1600 4953 1635 5007 :br
1652 4966 1704 5010 my.
1723 4951 1749 5000 nl
1766 4958 1820 4998 net·
1841 4955 1887 4998 cet.
1907 4949 1978 5009 culpo

383 5044 547 5092 euenerunt
569 5041 589 5088 r
708 5038 738 5088 rs
756 5041 862 5099 enm
879 5039 922 5087 uus
1027 5037 1139 5085 mursae
1160 5036 1187 5083 rr
1305 5035 1336 5085 rs
1355 5035 1447 5084 ιιιω
1467 5032 1607 5096 ranno,
1627 5014 1766 5097 real-sp
1788 5033 1885 5093 aas,
1905 5035 2014 5084 seusun

383 5136 428 5178 cet.
449 5131 520 5189 sdes
642 5125 676 5174 20
693 5127 794 5185 generis
810 5124 870 5173 cdd.
891 5122 961 5174 stet.
981 5138 1030 5172 αιι.
1050 5130 1095 5172 cet.
1218 5122 1250 5173 21
1270 5126 1346 5170 ctiam
1363 5128 1418 5183 post
1437 5124 1522 5170 rincas
1540 5122 1668 5169 transtulit
1687 5121 1817 5169 samua·
1938 5122 2014 5169 istlua

385 5230 433 5263 mr.
458 5215 476 5260 l
581 5214 696 5262 accesisti
718 5213 737 5258 Τ
840 5210 873 5260 22
892 5213 979 5271 regina
999 5210 1020 5256 T

472 5300 501 5347 Υ.
525 5301 667 5361 lequidem
682 5295 839 5360 weles).
853 5298 987 5359 quidemp
1002 5300 1037 5357 (ta
1048 5312 1098 5357 ιιις.
1114 5297 1230 5358 (quidem
1253 5302 1298 5344 αι.
1382 5295 1574 5344 nstitutus?
1654 5293 1778 5342 lmauclt
1791 5293 1843 5355 Mt,
1857 5294 1956 5341 mauult
1966 5299 2011 5341 eet.

385 5387 532 5448 summe
550 5387 581 5446 pf
602 5386 622 5432 r
726 5384 892 5434 sternar
996 5383 1141 5433 tamer
1242 5382 1336 5431 suren.
1356 5384 1416 5431 curs
1433 5366 1554 5443 ,tems
1571 5361 1606 5443 is
1624 5389 1673 5429 ee.
1693 5381 1748 5440 nge
1766 5379 1982 5441 emmanue

385 5474 524 5532 ananiam
544 5472 571 5519 tt
711 5472 739 5520 11
760 5472 851 5520 debere
868 5471 932 5520 dens
953 5471 973 5517 T
1105 5467 1135 5517 12
1152 5472 1222 5517 enirn
1239 5484 1288 5518 ortt.
1314 5469 1334 5515 T
1469 5468 1500 5516 13
1518 5467 1583 5529 qnod
1601 5476 1631 5515 tu
1652 5466 1673 5513 Τ
1775 5466 1842 5528 qued
1860 5479 1911 5514 neu
1932 5463 1982 5512 ΤΠ

384 5572 431 5617 ego
451 5563 514 5618 port
531 5559 585 5606 bec·
605 5572 654 5607 on.
679 5558 698 5605 Τ
804 5556 836 5606 ts
854 5560 994 5607 ιικώιιιιιιι
1015 5554 1041 5603 Μ
1144 5549 1292 5618 prencberis
1313 5554 1334 5601 T
1434 5558 1524 5602 timere
1543 5553 1569 5600 l!
1598 5558 1622 5601 α
1639 5551 1667 5599 Β
1683 5556 1710 5600 ιιι
1726 5554 1787 5613 nel

471 5644 517 5692 Vl.
536 5642 552 5692 2
570 5656 650 5692 mm
669 5646 718 5692 lm
737 5640 801 5692 Μ
816 5644 887 5704 celeo
