4448 6226
921 318 1179 376 PROFESSORES
1201 319 1298 382 (XVI).

654 596 688 661 3.
714 596 901 662 LATINVS
923 597 1110 662 ALCIMVS
1132 596 1348 662 ALETHIVS
1370 597 1554 663 RHETOR.

731 769 801 835 Neo
822 789 874 833 me
896 775 1028 852 nepotes
1050 768 1140 853 impii
1164 768 1284 835 silentii

817 891 905 936 reum
929 871 1073 951 olebant,
1102 872 1241 949 Aloime2

731 974 900 1056 minusque
923 974 1073 1058 dignum,
1100 995 1163 1040 non
1186 984 1218 1041 ot
1240 976 1372 1041 oblitum
1395 977 1500 1042 ferent

817 1085 893 1143 tuae
915 1078 1093 1143 ministrum
1115 1080 1302 1159 memoriae,

665 1226 670 1237 .
731 1182 866 1265 opponit
888 1202 985 1246 unum
1008 1202 1101 1262 quem
1126 1182 1203 1247 viris
1226 1183 1385 1267 prioribus

818 1292 908 1349 aetas
931 1284 1069 1349 reoentis
1091 1284 1261 1368 temporis,

732 1387 859 1470 palmae
883 1386 1020 1452 forensis
1043 1394 1074 1452 et
1097 1407 1300 1452 camenarum
1324 1388 1440 1463 (loeus,

818 1492 982 1575 exemplar
1004 1511 1102 1555 unum
1125 1491 1157 1555 in
1180 1491 1312 1572 litteris,

732 1613 812 1674 quas
835 1602 891 1660 aut
912 1594 1048 1660 Athenis
1072 1595 1167 1660 doota
1189 1596 1288 1661 ooluit
1310 1595 1447 1661 Graecia

818 1704 874 1762 aut
897 1699 997 1762 Roma
1020 1718 1077 1782 per·
1102 1699 1226 1764 Latium
1251 1699 1336 1764 oolit.

733 1820 879 1866 moresne
902 1801 993 1866 fabor
1014 1810 1047 1867 et
1068 1810 1210 1868 tenorem
1234 1802 1366 1885 regulae

819 1904 861 1968 ad
885 1924 985 1987 usque
1008 1905 1094 1971 vitae
1116 1905 1307 1971 terminum:l

732 2007 818 2089 quod
841 2008 938 2073 laude
961 2008 1082 2088 olarus,
1110 2008 1196 2091 quod
1219 2016 1350 2093 paratus
1374 2008 1489 2074 litteris

820 2131 947 2177 omnem
969 2111 1116 2194 refugisti
1137 2111 1316 2177 ambitum?

733 2222 765 2279 te
787 2234 880 2279 nemo
902 2215 1030 2298 gravior
1053 2215 1103 2281 vel
1127 2215 1188 2281 fuit
1210 2216 1309 2280 oomis
1331 2217 1436 2300 magis

820 2327 876 2384 aut
897 2318 1041 2385 liberalis
1063 2318 1204 2402 indigis,

733 2418 841 2484 danda
863 2421 984 2500 salute,
1012 2421 1040 2485 si
1062 2421 1165 2485 forum
1188 2442 1239 2487 res
1263 2430 1424 2506 posoeret,

820 2522 925 2587 studio
947 2522 1100 2603 docendi,
1128 2524 1155 2588 si
1178 2525 1330 2591 scholam.

733 2626 842 2691 vivent
863 2647 920 2711 per
941 2647 1066 2692 omnem
1089 2634 1287 2711 posterorum
1311 2629 1513 2710 memoriam,

819 2751 900 2813 quos
922 2737 957 2795 tu
980 2732 1113 2796 saorasti
1140 2783 1328 2797 ......

734 2844 766 2897 ot
787 2833 948 2898 Iulianum
970 2841 1004 2899 tu
1028 2836 1132 2917 mag-is
1155 2837 1261 2901 famae
1283 2836 1377 2901 dabis

819 2957 916 3019 quam
940 2944 1082 3021 seeptro,
1110 2959 1193 3020 quae
1217 2939 1320 3004 tenuit
1341 2939 1442 3004 brevi.

734 3038 887 3103 Sallustio
911 3040 984 3123 plus
1007 3042 1171 3106 oont'erent
1194 3042 1266 3107 libri
1288 3043 1335 3107 tui

820 3163 915 3224 quam
939 3145 1124 3208 consulatus
1146 3144 1283 3209 addidit.

649 3270 672 3304 ·.
734 3265 854 3310 morum
878 3255 1019 3327 tuorum.
1046 3246 1169 3312 decoris
1193 3255 1225 3312 et
1247 3248 1418 3313 facundiae

818 3348 952 3414 formam
975 3349 1092 3415 dedisti
1114 3349 1202 3416 filiis.

733 3453 878 3534 ignosce,
905 3453 1005 3519 nostri
1028 3454 1136 3519 laesus
1158 3454 1312 3537 obsequio
1335 3454 1419 3520 stili:

819 3557 936 3621 amoris
959 3557 1018 3622 hoo
1041 3558 1161 3623 orimon
1185 3559 1231 3623 tui
1254 3565 1319 3633 est,

734 3660 818 3742 quod
842 3660 943 3743 digua
966 3662 1122 3744 nequiens
1146 3681 1293 3746 promere
1316 3661 1456 3726 ostiolum
1479 3661 1567 3740 oolo,

819 3763 971 3828 iniuriose
994 3764 1138 3830 sedulus.

733 3867 863 3948 qrriesoe
885 3866 1034 3950 placidus
1057 3875 1089 3932 et
1112 3868 1224 3933 oudrroi
1247 3869 1387 3952 eorporis

819 3970 970 4034 dammum
994 3972 1136 4056 rependo
1159 3973 1274 4056 gloria.

865 4245 898 4311 4.
927 4245 1134 4312 LVCIOLVS
1158 4247 1341 4313 RHETOR.

631 4419 769 4484 lthetora
792 4418 956 4483 latoiolum
981 4419 1233 4503 condiscipulum
1256 4427 1352 4502 atque
1376 4420 1564 4504 rnaglstrum
1797 4439 1843 4485 ιιιει
1864 4439 1921 4497 (ιιι)

716 4522 934 4604 collegamque
957 4522 1090 4601 dehine,
1118 4523 1214 4588 nenia
1235 4531 1377 4604 maesta,
1404 4524 1503 4602 refer,

630 4625 802 4689 laounllum
827 4625 1016 4707 doctumque
1039 4626 1158 4699 virum,
1187 4646 1243 4691 seu
1267 4627 1339 4709 lege
1363 4635 1532 4691 metrorum

716 4728 844 4793 oondita
867 4748 923 4793 seu
947 4729 1050 4812 prosis
1073 4729 1213 4795 solveret
1234 4750 1307 4794 orsa
1330 4729 1449 4794 modis:

381 4967 412 5021 4·
449 4971 464 5020 4
484 4973 546 5022 Stat.
568 4974 630 5021 silv.
654 4975 662 5020 l
683 4973 708 5032 l,
729 4971 762 5019 28
775 4988 811 5033 sq.
834 4987 878 5021 seu
899 4974 973 5035 planu
991 4974 1081 5023 solutls
1100 4987 1156 5021 oum
1175 4974 1252 5021 struis
1270 4987 1324 5020 oras
1342 4973 1421 5021 modis

380 5191 411 5248 8·
447 5198 552 5246 Alolnus
576 5197 764 5257 Voorrdapd.
871 5198 953 5246 rethor
977 5197 1045 5257 Vlla
1056 5213 1105 5258 mo.
1121 5196 1159 5245 ml
1177 5204 1253 5245 metro
1272 5199 1361 5253 iobiool
1470 5197 1612 5243 tlrooorrtis
1635 5193 1915 5255 Vleolt.inros.m‘²,

296 5280 323 5330 ll
345 5283 415 5330 ferror
439 5282 458 5329 V
564 5283 593 5331 le
612 5285 632 5330 sl
657 5284 711 5341 Vp
730 5280 774 5345 m2)
892 5283 925 5332 20
944 5291 1050 5331 saeratae
1069 5286 1148 5331 lamae
1166 5285 1210 5331 ‹las
1233 5284 1253 5328 l'
1270 5283 1381 5341 (librarlo
1399 5285 1450 5330 eloe
1468 5281 1542 5328 dolio
1561 5282 1594 5328 orl
1611 5297 1719 5333 oeream.
1741 5285 1917 5343 prolocutum,

293 5367 444 5431 oberrante),
472 5384 555 5417 sacrae
578 5371 657 5416 fumeo
682 5370 757 5416 dabas
776 5372 894 5429 (loropius
912 5372 994 5430 volpo.
1023 5373 1125 5417 serrasti
1144 5405 1265 5419 ......
1291 5368 1403 5426 (forium
1421 5369 1522 5419 litteris)
1542 5382 1584 5427 epo
1724 5368 1756 5416 23
1775 5369 1879 5416 salustio
1902 5368 1921 5413 l'

294 5454 326 5499 :to
344 5454 440 5501 sedulis
464 5455 482 5501 l'
499 5469 559 5503 corr.
583 5454 660 5514 tuat
770 5455 798 5502 :u
821 5457 945 5516 eorporisa
970 5456 988 5500 V

379 5535 409 5592 4.
446 5547 511 5588 rotor
534 5541 552 5586 l'
658 5541 666 5587 l
689 5548 768 5587 retors
788 5542 806 5585 l'
908 5524 1063 5603 cudisoipulo
1087 5543 1107 5589 V
1122 5557 1184 5588 sorr.
1205 5541 1258 5587 l'r'n.
1366 5542 1445 5602 urlqoe
1467 5541 1485 5585 l'
1589 5540 1699 5587 2relert
1724 5542 1742 5586 l'
1757 5555 1817 5588 eser.
1834 5540 1914 5599 Luprl.

294 5622 440 5674 tooluereo
466 5627 491 5685 V,
511 5629 614 5688 fortusse
635 5629 743 5674 volveret

370 5726 491 5768 Aveourrs.
1696 5732 1712 5777 8
