4358 6234
811 329 1041 385 GRATIARVM
1061 327 1175 384 ACTIO
1197 329 1298 391 (Vlll).
1830 332 1870 391 23

241 521 415 603 Gratiana,
441 519 606 599 desidero,
640 525 676 584 ut
697 525 730 584 et
751 538 809 584 sex
831 519 903 583 Val.
929 518 1059 583 Corvini
1081 526 1115 585 et
1137 525 1261 601 septem
1284 517 1320 583 O.
1346 517 1437 582 Marii
1461 524 1494 582 et
1516 517 1712 601 cognominis
1734 518 1780 583 tui
1803 520 1871 582 Au-

239 626 328 710 gusti
352 623 506 691 tredecim
529 623 715 689 consulatus
738 643 819 688 unus
842 622 1044 706 aequiperes.
1082 625 1134 685 26.
1161 622 1271 705 plures
1293 620 1352 686 tibi
1375 627 1481 705 potest
1503 628 1594 687 aetas
1616 628 1672 687 tna
1695 628 1727 686 et
1742 621 1870 687 fortuna

208 736 425 816 spraestare,
458 747 568 792 verum
599 745 660 808 ego
682 726 716 791 in
737 745 870 791 numero
893 725 1036 809 parcior,
1070 725 1146 806 quia
1172 724 1262 789 tuin
1285 744 1417 788 munere
1440 724 1623 789 liberalior:
1654 725 1761 809 ipsum
1785 725 1869 790 enim

239 838 273 898 te
295 831 427 917 saepius
449 831 510 896 hoc
531 830 651 896 bonore
674 828 859 908 defraudas,
885 835 975 893 utet
997 828 1071 893 aliis
1095 827 1255 912 largiaris.
1303 831 1355 891 27.
1382 827 1446 893 scis
1468 829 1571 911 enim,
1598 829 1772 912 imperator
1793 827 1870 894 doc-

238 935 363 1001 tissime
390 936 525 1016 (rursum
549 933 634 999 enim
658 939 729 997 utar
750 932 848 997 laude
871 931 1020 1016 privata),
1055 931 1136 1011 sois,
1169 931 1318 1013 inquam,
1352 938 1475 1015 septem
1498 952 1536 996 ac
1560 932 1671 998 decem
1695 932 1869 997 Domitiani

240 1039 445 1119 consulatus,
478 1055 557 1120 qnos
580 1036 637 1101 ille
658 1035 782 1101 invidia
805 1035 887 1100 alios
911 1034 1109 1119 provehendi
1132 1035 1347 1100 continuando
1371 1035 1548 1115 conseruit,
1584 1036 1629 1100 ita
1651 1036 1685 1100 in
1708 1036 1778 1102 eius
1801 1035 1872 1100 avi-

240 1141 342 1208 ditate
364 1140 506 1223 derisos,
541 1147 575 1206 ut
596 1141 679 1205 baec
707 1159 780 1204 eum
810 1138 930 1223 pagina
958 1136 1111 1203 fastorum
1142 1157 1289 1219 suorum,
1322 1137 1418 1202 immo
1448 1137 1651 1203 fastidiorum
1680 1139 1793 1205 fecerit
1821 1139 1872 1204 in-

192 1245 397 1310 insolentem
420 1264 480 1309 nec
502 1241 641 1328 potuerit
663 1248 827 1326 praestare
850 1240 989 1305 felicem.
1028 1243 1080 1305 28.
1105 1241 1192 1323 quod
1215 1239 1243 1304 si
1266 1241 1402 1325 principi
1426 1239 1553 1306 honoris
1576 1242 1670 1306 istius
1693 1249 1872 1327 temperata

241 1354 274 1412 et
295 1367 380 1430 qnae
400 1353 535 1412 vocatur
556 1365 656 1411 aurea
685 1343 781 1409 debet
810 1363 883 1409 esse
913 1343 1136 1424 mediocritas,
1170 1344 1248 1426 quid
1278 1344 1396 1427 privati
1426 1351 1528 1410 status
1559 1344 1760 1424 bominibus,
1793 1344 1870 1427 quid

242 1449 458 1532 aequanimis,
492 1448 570 1531 quid
591 1448 657 1514 iam
681 1448 813 1512 senibus
836 1467 915 1530 erga
937 1467 973 1512 se
996 1454 1119 1530 oportet
1150 1466 1222 1512 esse
1251 1447 1505 1512 moderaminis?
1550 1451 1603 1512 29.
1636 1468 1697 1531 ego
1725 1448 1868 1531 quidem,

241 1552 327 1636 quod
348 1553 392 1618 ad
414 1553 551 1618 bonores
572 1572 661 1618 meos
684 1550 840 1636 pertinet,
876 1557 908 1615 et
930 1557 1005 1616 vota
1034 1550 1188 1615 saturavi.
1235 1556 1269 1615 tu
1300 1557 1425 1630 tamen,
1462 1551 1637 1635 imperator
1666 1551 1803 1636 optime,
1837 1557 1872 1616 tu

242 1655 399 1741 piissime,
425 1662 471 1737 tu,
496 1674 592 1736 quem
614 1673 678 1719 non
701 1654 818 1737 fatigat
841 1654 1029 1734 liberalitas,
1055 1652 1118 1718 nisi
1141 1654 1270 1736 quando
1286 1655 1434 1734 cessavit,
1462 1661 1507 1734 tu,
1532 1655 1673 1738 inquam,
1700 1653 1874 1737 indulgen-

193 1780 223 1821 ra
241 1759 367 1825 tissime
390 1757 562 1837 Gratiano,
594 1764 630 1823 ut
650 1758 694 1822 ad
714 1756 982 1822 benefaciendum
1013 1757 1118 1822 subito
1148 1777 1183 1822 es
1213 1758 1388 1841 necopinus
1419 1758 1565 1841 ingenio,
1598 1758 1705 1823 adhuc
1733 1758 1869 1841 aliquid,

241 1862 328 1947 quod
350 1862 411 1927 boc
432 1860 560 1927 nomine
582 1860 661 1925 mibi
684 1867 873 1945 praestetur,
900 1860 1058 1925 invenies.
1107 1860 1154 1925 sic
1176 1860 1365 1926 intellexere
1389 1881 1508 1941 omnes,
1545 1861 1591 1926 sie
1614 1861 1708 1927 nobis
1729 1861 1872 1926 ordinem

241 1966 314 2053 ipse
336 1963 462 2046 fecisti,
488 1964 536 2030 sic
558 1964 681 2030 amicus
703 1962 764 2029 deo
787 1983 841 2046 es,
868 1970 903 2028 ut
925 1985 945 2028 a
967 1971 999 2029 te
1022 1963 1086 2028 iam
1109 1963 1314 2048 impetratum
1339 1963 1394 2043 sit,
1429 1965 1514 2046 quod
1538 1970 1679 2048 optatur,
1713 1985 1733 2028 a
1756 1984 1819 2046 quo
1842 1971 1874 2029 et

242 2067 327 2151 quod
349 2067 490 2133 nondum
513 2074 661 2153 optamus
683 2066 904 2151 adipiscimur.

329 2171 403 2236 VII.
429 2172 483 2236 30.
507 2171 548 2235 st
577 2190 702 2236 rursum
732 2171 850 2253 aliquis
879 2171 999 2236 adiciet
1027 2178 1084 2236 aut
1113 2190 1258 2237 sermone
1287 2171 1389 2237 libere
1419 2178 1475 2236 aut
1504 2171 1696 2255 cogitatione
1726 2171 1870 2237 liberius.

247 2275 369 2339 ‘nonne
384 2273 461 2338 olim
477 2279 509 2337 et
524 2273 612 2357 apud
626 2280 753 2339 veteres
769 2274 862 2340 multi
879 2274 1024 2339 eiusdem
1040 2274 1127 2339 modi
1142 2274 1289 2339 doctores
1304 2274 1455 2340 fuerunt?
1474 2295 1516 2339 an
1532 2282 1565 2340 tu
1582 2276 1669 2340 solus
1685 2281 1874 2361 praeceptor

242 2375 420 2459 Augustii'
449 2376 546 2441 immo
569 2396 630 2459 ego
654 2395 726 2442 oum
748 2377 860 2442 multis
883 2377 1073 2443 coniunctus
1096 2376 1217 2459 officio,
1249 2378 1306 2442 sed
1329 2398 1400 2442 enm
1424 2377 1629 2462 paucissimis
1652 2385 1794 2444 secretus
1817 2398 1875 2443 ex-

243 2479 361 2563 emplo.
410 2481 461 2542 31.
493 2479 567 2544 ιιοΙο
589 2480 791 2545 constantini
814 2488 991 2565 temporum
1015 2487 1126 2546 taxare
1150 2481 1310 2564 collegas:
1345 2481 1503 2546 Caesares
1530 2481 1742 2546 docebantur:
1777 2500 1874 2565 supe-

211 2583 328 2649 ariora
350 2582 545 2665 contingam.
592 2582 684 2648 dives
707 2582 831 2648 Seneca
854 2602 914 2648 nee
937 2590 1045 2648 tamen
1067 2585 1176 2648 consul
1204 2590 1357 2667 arguetur
1380 2585 1497 2649 rectius
1519 2605 1614 2667 quam
1638 2583 1875 2668 praedicabitur

242 2705 308 2750 non
336 2684 482 2751 erudisse
511 2684 650 2751 indolem
680 2686 834 2767 Neronis,
868 2685 928 2751 sed
958 2705 1102 2752 armasse
1132 2687 1313 2752 saevitiam.
1360 2686 1578 2765 Quintilianus
1607 2686 1789 2753 consularia
1818 2706 1875 2771 per

244 2789 443 2855 Clementem
476 2794 663 2854 ornamenta
698 2788 828 2854 sortitus
859 2789 1104 2856 honestamenta
1134 2791 1272 2856 nominis
1306 2791 1413 2875 potius
1445 2791 1575 2857 videtur
1607 2812 1702 2875 quam
1733 2790 1874 2874 insignia

243 2891 413 2977 potestatis
444 2891 608 2958 babuisse.
656 2912 718 2975 quo
751 2892 845 2957 modo
874 2892 1021 2958 Titianus
1050 2893 1220 2977 magister,
1258 2894 1316 2959 sed
1346 2894 1507 2977 gloriosus
1535 2895 1608 2975 ille,
1647 2893 1874 2979 municipalem

246 2992 389 3060 scholam
411 2993 499 3080 apud
520 2995 739 3060 Visontionem
763 2995 1020 3078 Lugdunumque
1050 2995 1204 3061 variando
1233 3017 1296 3061 non
1325 3003 1433 3063 aetate
1463 2997 1628 3080 equidem,
1663 2996 1720 3062 sed
1751 2997 1875 3063 vilitate

196 3120 226 3160 ιι
246 3097 427 3162 consenuit!
479 3101 532 3162 32.
558 3098 654 3163 unica
669 3097 748 3162 mihi
768 3100 820 3181 pet]
839 3098 1065 3183 amplectenda
1080 3105 1130 3163 est
1145 3099 1314 3164 Frontonis
1329 3099 1476 3179 imitatio,
1502 3120 1597 3182 quem
1613 3105 1721 3165 tamen
1737 3100 1875 3183 Augusti

246 3198 435 3283 magistrum
458 3201 504 3267 sie
527 3202 712 3266 consulatus
735 3200 870 3284 ornavit,
897 3208 932 3266 ut
953 3202 1155 3286 praefectura
1170 3222 1233 3267 non
1248 3203 1401 3284 cingeret.
1435 3202 1495 3267 sed
1510 3203 1696 3268 consulatus
1713 3204 1767 3267 ille
1783 3204 1875 3268 ouius

246 3301 353 3368 modii
375 3303 535 3369 ordinario
558 3305 722 3384 suffectus,
748 3303 915 3369 bimenstri
930 3304 1034 3389 spatio
1049 3303 1269 3390 interpositus,
1295 3304 1330 3368 in
1345 3311 1438 3369 sexta
1452 3306 1529 3369 anni
1544 3313 1636 3389 parte
1652 3313 1870 3390 consumptus,

246 3406 466 3489 quaerendum
482 3413 517 3472 ut
530 3407 696 3489 reliquerit
710 3413 819 3472 tantus
835 3414 949 3485 orator,
975 3407 1092 3489 quibus
1108 3407 1295 3473 consulibus
1310 3408 1448 3490 gesserit
1467 3409 1679 3473 consulatum.
1722 3411 1774 3472 33.
1801 3428 1875 3473 uoce

246 3509 336 3575 alind
370 3509 456 3594 quod
484 3510 602 3592 aliquis
633 3502 790 3594 opponat:
827 3510 859 3575 in
889 3511 969 3575 tanti
999 3529 1076 3594 ergo
1109 3518 1140 3576 te
1174 3510 1309 3575 oratoris
1342 3510 1508 3593 fastigium
1541 3511 1701 3593 gloriosus
1732 3511 1875 3576 attollis?

198 3637 228 3678 ιι
247 3613 299 3678 cni
319 3613 400 3678 talia
421 3613 597 3696 requirenti
619 3613 821 3697 respondebo
843 3613 997 3678 breviter:
1025 3634 1088 3678 non
1110 3634 1171 3697 ego
1194 3633 1245 3678 me
1267 3613 1424 3679 contendo
1446 3614 1606 3694 Frontoni,
1635 3613 1693 3679 sed
1715 3613 1875 3679 Antonino

246 3716 395 3801 praefero
411 3717 612 3784 Gratianum.
661 3720 712 3780 34.
739 3717 904 3783 celebrant
926 3716 1075 3800 equidem
1099 3717 1272 3782 sollemnes
1295 3717 1374 3781 istos
1397 3715 1468 3782 dies
1491 3736 1602 3782 omnes
1625 3717 1742 3800 ubique
1765 3718 1871 3797 urbes,

247 3838 331 3903 quae
353 3820 413 3885 snb
436 3820 564 3904 legibus
586 3827 704 3903 agunt,
730 3828 763 3885 et
785 3822 886 3885 Roma
908 3821 949 3886 de
972 3840 1060 3886 more
1082 3827 1115 3886 et
1137 3820 1430 3904 Constantinopolis
1454 3820 1494 3886 de
1524 3821 1700 3886 imitatione
1725 3821 1787 3905 <et>
1811 3820 1879 3884 An-

248 3922 369 3988 tiochia
396 3942 454 4007 pro
484 3923 561 3989 luxu
590 3932 623 3989 et
646 3923 809 4007 Carthago
838 3924 995 3990 discincta
1024 3931 1057 3989 et
1087 3924 1205 3989 donum
1233 3922 1374 3989 fluminis
1406 3923 1620 4003 Alexandria,
1659 3924 1717 3989 sed
1747 3922 1878 3988 Treveri

247 4025 401 4111 principis
424 4026 579 4093 beneficio
602 4033 634 4092 et
656 4047 729 4092 mox
752 4048 824 4093 cum
846 4028 917 4113 ipso
939 4035 1068 4094 auctore
1091 4027 1250 4094 beneficii.
1291 4028 1363 4093 loca
1383 4028 1467 4093 inter
1489 4047 1525 4093 se
1547 4028 1676 4108 distant,
1705 4034 1779 4091 vota
1802 4047 1879 4092 con-

252 4193 429 4201 —-—-——
449 4196 510 4201 --
562 4196 662 4201 ——--

339 4285 356 4334 8
375 4286 439 4337 Pliu.
462 4301 520 4349 pan.
542 4286 575 4335 58
594 4289 721 4336 continuis
739 4290 911 4337 consulatibus
1019 4289 1046 4337 11
1068 4289 1127 4337 Ηοι.
1148 4289 1230 4336 Uarm.
1252 4289 1274 4334 ll
1298 4287 1337 4345 10,
1359 4289 1374 4337 5
1393 4303 1493 4336 auream
1513 4326 1519 4338 .
1537 4325 1564 4338 ..
1587 4287 1783 4336 mediocritatem

336 4371 394 4422 Vll.
418 4372 448 4422 18
469 4375 544 4434 Verg.
565 4377 630 4424 Aen.
653 4375 713 4423 Vlli
735 4374 784 4425 724
802 4376 937 4424 discinctos
958 4414 963 4424 .
982 4414 1010 4423 ..
1033 4378 1106 4424 Afros
1142 4378 1189 4425 Sil.
1210 4376 1285 4423 11511
1305 4376 1422 4423 discincti
1444 4378 1535 4433 libyes

337 4598 352 4646 3
372 4601 494 4646 marciana
517 4599 537 4644 T
659 4601 756 4647 ceruini
776 4599 818 4647 nal
837 4598 865 4646 M
980 4601 1010 4648 (i.
1034 4600 1062 4646 M
1182 4600 1197 4648 l
1216 4601 1363 4663 aequipares
1384 4600 1411 4646 M
1531 4600 1577 4647 tibl
1597 4598 1683 4659 plures
1706 4597 1750 4657 llp.
1771 4600 1844 4658 oolpo

250 4686 467 4733 remotionum
480 4691 523 4732 tua
534 4682 635 4750 ρχυῖιΕ
647 4691 669 4734 et
681 4682 707 4731 l²
721 4688 758 4748 (ia
769 4703 820 4747 my.
834 4687 858 4735 al
871 4694 925 4749 etas
937 4688 990 4748 tua)
1005 4688 1076 4747 culpo
1182 4687 1195 4733 7
1216 4683 1256 4752 ae]
1268 4694 1343 4749 atque
1357 4688 1385 4734 Μ
1490 4685 1504 4733 Β
1523 4687 1585 4734 alios
1600 4686 1630 4743 Τ,
1645 4686 1735 4733 alteros
1748 4690 1792 4731 cet.
1808 4685 1878 4742 volpe

251 4768 267 4818 9
285 4784 343 4819 cnm
361 4769 397 4831 Μ,
418 4786 478 4820 enm
497 4767 523 4816 b²
544 4773 581 4832 (ia
598 4788 647 4832 mp.
669 4771 695 4820 al
713 4776 779 4834 enm)
905 4775 954 4820 imo
974 4772 1002 4818 Μ
1124 4772 1152 4821 11
1175 4775 1219 4834 qul
1239 4774 1304 4834 (onte
1323 4775 1424 4834 priuati)
1446 4773 1505 4832 ΤΜ,
1525 4748 1584 4834 qnid
1601 4787 1619 4832 p
1637 4772 1660 4831 td
1679 4768 1733 4831 m25,
1753 4771 1813 4831 quid
1832 4775 1877 4817 eet.

254 4853 284 4904 12
303 4852 488 4922 iamJetiamT
575 4848 669 4918 ergbl'
770 4859 800 4907 14
820 4859 1000 4920 utinqnarnT
1101 4858 1131 4907 15
1151 4859 1285 4907 subditoT
1379 4859 1410 4908 16
1428 4859 1554 4907 inuerries.
1576 4858 1693 4905 inuenies
1708 4852 1876 4916 numeras,

251 4943 368 4991 inuenies
385 4947 442 5002 eeu,
462 4945 564 4991 invenis
585 4945 638 4991 Tull
655 4945 727 5004 volgo

338 5029 396 5077 Vll.
420 5029 430 5078 1
452 5034 477 5076 at
496 5030 545 5090 (uel
563 5031 615 5091 sed]
638 5030 767 5078 Acidaliae
785 5033 855 5091 volgm
963 5033 1052 5079 adiciat
1073 5032 1172 5091 Detrab,
1193 5034 1287 5080 obiciet
1307 5031 1435 5079 Acidalina
1547 5030 1561 5078 2
1582 5032 1637 5076 eirrs
1656 5029 1720 5075 modi
1739 5026 1811 5074 ιιιιιιι2
1834 5026 1876 5086 [ip.

245 5115 323 5174 culpo
435 5114 450 5163 3
469 5116 519 5162 imo
537 5114 565 5162 Μ
676 5117 692 5165 4
711 5123 796 5165 taxare
814 5133 865 5179 mn,
887 5121 975 5166 uxabe
994 5125 1038 5166 eet.
1156 5119 1229 5166 beet
1251 5119 1271 5164 Τ
1375 5119 1508 5164 sreniciam
1531 5117 1550 5162 i·
1655 5116 1834 5176 quintillianus
1855 5112 1881 5158 M

253 5198 268 5248 8
286 5206 312 5247 et
327 5206 383 5261 post
400 5202 472 5249 modo
489 5201 548 5252 odd.
572 5202 625 5250 Tell
640 5204 712 5262 volpe
826 5207 934 5252 tir-ianus
955 5205 1003 5250 ΤΜ
1117 5204 1240 5253 fisculum
1262 5204 1311 5251 ΤΜ
1421 5204 1538 5265 equidem
1561 5199 1692 5263 Tiippitv,
1713 5201 1814 5261 qnidam
1833 5204 1878 5247 ret.

251 5287 323 5346 volae
447 5287 477 5336 10
496 5290 561 5337 mibi
579 5295 605 5336 et
622 5305 654 5348 ω,
675 5296 701 5337 et
719 5289 767 5339 del.
789 5290 847 5340 Pur.
974 5290 1001 5339 11
1023 5287 1071 5356 alc]
1090 5293 1110 5338 si
1131 5289 1158 5336 M
1278 5291 1459 5352 praefecturam
1482 5290 1503 5335 Τ
1631 5287 1661 5336 12
1680 5289 1812 5334 bimenstri
1829 5282 1877 5345 pit,

252 5374 367 5423 bimestri
383 5379 428 5424 eei.
537 5374 568 5423 11
586 5381 612 5423 te
630 5389 688 5438 ergo
711 5376 740 5422 11
844 5379 929 5425 attolis
950 5377 979 5424 M
1088 5377 1118 5425 15
1138 5378 1261 5424 frontonis
1281 5392 1312 5435 ω,
1334 5378 1442 5424 frontoni
1463 5373 1489 5422 12
1510 5377 1545 5434 (in
1563 5390 1612 5434 mp.
1633 5373 1659 5421 al
1678 5375 1807 5433 frontonis)
1833 5372 1877 5432 ip.

255 5457 286 5508 is
304 5460 406 5522 quidem
428 5460 473 5523 Ue.
494 5463 566 5522 oolpo
688 5464 802 5511 solennes
826 5465 853 5526 T,
874 5466 999 5512 solemnes
1020 5464 1046 5510 M
1179 5463 1207 5510 ii
1228 5469 1254 5510 et
1271 5468 1329 5510 onte
1348 5463 1480 5510 Antiochia
1497 5475 1545 5509 οιιι.
1567 5478 1588 5509 ω
1607 5464 1687 5521 culpo,
1708 5459 1766 5507 odd.
1792 5460 1845 5505 i'oll

252 5546 395 5596 micabis
413 5546 442 5594 M
551 5548 582 5598 18
600 5553 697 5608 cartago
717 5549 743 5595 M
845 5551 964 5598 distincta
983 5567 1013 5610 ur,
1034 5552 1157 5598 discincta
1181 5547 1254 5597 l'cn.³
1357 5550 1449 5596 donrrm
1473 5545 1589 5609 TMpp2u.
1611 5548 1710 5594 domum
1730 5545 1756 5592 t²
1775 5549 1811 5593 lin
1828 5561 1877 5605 mp.

252 5631 278 5683 ei
293 5631 396 5693 donum
415 5638 473 5685 eci..
493 5635 583 5682 domus
606 5632 679 5682 Vam³
696 5637 767 5694 culpo
