4358 6234
1019 303 1172 361 Avscun

621 477 740 562 nauus
763 495 792 560 o
814 494 895 561 forte
917 494 980 560 fuit
1002 494 1168 560 sonemus
1190 495 1294 561 amieo

622 597 834 682 coniugioque
857 597 960 685 dapes
982 605 1039 663 aut
1061 617 1153 663 sacra
1175 597 1298 682 repotia
1321 603 1463 682 patrum,

620 702 731 767 audivi
754 702 947 785 meminique
970 702 1069 767 bonos
1092 702 1225 767 laudare
1251 701 1444 786 frequentes.

806 1115 848 1178 X.
874 1114 1098 1180 INVITATIO
1120 1114 1179 1179 AD
1202 1108 1385 1180 PAVLVM.

619 1287 653 1352 Si
675 1308 739 1370 qua
761 1287 842 1352 fides
865 1287 957 1352 falsis
980 1307 1130 1370 umquam
1153 1294 1204 1352 est
1225 1286 1410 1353 adhibenda
1432 1286 1535 1371 poetis

704 1411 763 1456 nec
785 1392 912 1475 plasma
935 1410 1062 1474 semper
1083 1391 1245 1468 adliuunt,

618 1494 734 1575 Paule,
762 1493 974 1558 Camenarum
998 1493 1205 1559 celeberrime
1228 1493 1444 1559 Castaliarum

703 1598 833 1662 alumne
855 1596 1031 1680 quondam,
1057 1616 1142 1662 nunc
1163 1604 1255 1679 pater

617 1706 672 1764 aut
694 1719 775 1764 avus
798 1706 855 1764 aut
876 1699 1004 1783 proavis
1019 1699 1202 1782 antiquior,
1230 1708 1265 1764 ut
1286 1698 1348 1764 fuit
1370 1699 1444 1764 olim

702 1802 921 1867 Tartesiorum
943 1803 1092 1886 regulus,

617 1907 806 1972 intemerata
828 1906 887 1971 tibi
909 1912 1060 1970 maneant
1080 1904 1241 1990 promissa
1263 1911 1432 1970 memento.

703 2010 853 2075 Phoebus
875 2009 966 2074 iubet
987 2029 1098 2073 verum
1120 2008 1220 2091 loqui.

617 2113 677 2177 etsi
700 2112 823 2177 Pierias
845 2112 966 2197 patitur
988 2112 1083 2177 lirare
1107 2132 1248 2193 sorores,

701 2236 873 2298 numquam
898 2216 969 2300 ipse
992 2222 1118 2299 torquet
1141 2208 1270 2281 αὔλακα.

615 2325 647 2383 te
670 2338 797 2401 quoque
819 2339 860 2384 ne
883 2319 993 2404 pigeat
1015 2320 1184 2404 consponsi
1208 2318 1364 2384 foederis:
1392 2325 1424 2383 et
1445 2317 1509 2382 iam

703 2422 785 2487 citus
808 2423 883 2488 veni
904 2442 992 2487 remo
1015 2429 1072 2486 aut
1097 2429 1182 2503 rota,

615 2524 763 2608 aequoris
786 2525 901 2590 undosi
922 2546 987 2608 qua
1009 2525 1223 2610 multiplicata
1246 2544 1376 2591 recursu

701 2628 867 2694 Garumna
889 2635 1024 2713 pontum
1047 2636 1216 2713 provocat,

615 2737 669 2795 aut
692 2732 876 2797 iteratarum
900 2751 964 2813 qua
985 2732 1098 2815 glarea
1120 2732 1194 2796 trita
1215 2731 1339 2796 viarum

702 2834 764 2900 fert
787 2835 956 2900 militarem
979 2835 1022 2899 ad
1045 2834 1203 2899 Blaviam.

615 2957 673 3002 nos
696 2938 813 3003 etenim
837 2938 949 3022 primis
972 2944 1115 3003 sanctum
1138 2944 1210 3022 post
1236 2937 1359 3022 pascha
1381 2935 1496 3002 diebus

702 3060 836 3107 avemus
858 3061 971 3125 agrum
995 3041 1111 3106 visere.

615 3165 688 3208 nam
711 3144 821 3228 populi
845 3152 956 3210 coetus
979 3152 1011 3209 et
1034 3145 1173 3228 compita
1196 3142 1325 3208 sordida
1348 3142 1426 3207 rixis

699 3247 904 3314 fastidientes
926 3248 1087 3313 cemimus

614 3357 768 3434 augustas
792 3351 916 3416 fervere
939 3349 1009 3415 vias
1032 3356 1065 3415 et
1086 3370 1245 3433 congrege
1269 3349 1364 3432 volgo

701 3474 818 3519 nomen
841 3455 968 3537 plateas
991 3452 1137 3537 perdere.

613 3556 743 3622 turbida
765 3557 926 3640 congestis
949 3555 1098 3621 referitur
1120 3555 1252 3621 vocibus
1275 3555 1366 3620 echo:

704 3664 812 3743 ‘tene‚
839 3659 916 3741 feri,
944 3658 1023 3741 duc,
1051 3659 1106 3739 da,
1135 3662 1238 3738 cave,

546 3788 558 3823 ι.
612 3783 667 3829 sus
690 3763 848 3829 lutulenta
871 3763 968 3846 fugit,
994 3761 1127 3827 rabidus
1149 3762 1239 3826 canis
1262 3762 1382 3847 impete
1406 3783 1503 3828 saevo

698 3875 730 3933 et
751 3869 891 3951 impares
914 3868 1058 3951 plaustro
1081 3867 1191 3931 boves

611 3992 670 4036 neo
693 3970 823 4054 prodest
846 3971 1010 4055 penetrale
1034 3971 1147 4035 (lomus
1171 3977 1203 4034 et
1225 3977 1336 4053 operta
1358 3971 1482 4035 subire:

697 4095 755 4159 per
776 4081 861 4140 tecta
883 4075 1040 4139 clamores
1063 4080 1181 4139 meant.

612 4177 693 4243 haec
715 4184 748 4242 et
769 4197 853 4260 quae
875 4183 1011 4262 possunt
1033 4176 1179 4260 placidos
1202 4175 1365 4242 offendere
1388 4194 1492 4241 mores

526 4301 556 4340 uo
698 4287 815 4363 cogunt
837 4280 975 4363 relinqui
998 4280 1142 4360 moenia,

361 4608 394 4658 49
407 4625 445 4672 sq.
467 4611 526 4659 llor.
549 4613 600 4659 Sat.
622 4614 646 4659 ll
665 4611 691 4670 2,
711 4612 744 4659 60
758 4626 796 4671 sq.
817 4613 910 4672 repotia
930 4612 1057 4658 natalesve
1075 4612 1170 4658 aliosve
1188 4612 1285 4659 dierum
1304 4613 1381 4660 iustos

360 4695 393 4744 X.
432 4695 447 4744 2
467 4698 546 4745 Pauli.
567 4699 627 4744 Pell.
649 4713 723 4746 curm.
745 4697 816 4746 euch.
839 4696 870 4742 73
891 4699 1011 4758 plasmata
1030 4698 1129 4744 llomeri
1248 4698 1262 4745 5
1283 4698 1329 4745 Sil.
1351 4698 1406 4747 lul.
1427 4698 1464 4744 ΙΙΙ
1484 4695 1532 4746 397
1553 4710 1597 4744 rex
1616 4697 1715 4757 proavis
1735 4698 1786 4744 fult
1803 4697 1899 4744 humani

274 4780 413 4829 ditissimus
432 4786 486 4831 aeri
627 4782 659 4831 25
673 4799 710 4845 sq.
732 4785 791 4831 Hor.
815 4782 895 4843 Epist.
918 4785 940 4829 ll
960 4782 984 4843 2,
1006 4783 1038 4831 rt
1052 4798 1089 4844 sq.
1111 4785 1194 4830 tristia
1212 4784 1319 4831 robustis
1339 4784 1465 4831 luctantur
1484 4785 1572 4830 irruere
1591 4783 1724 4844 plaustris,
1746 4781 1793 4829 huc
1810 4783 1900 4830 rublum

274 4866 340 4926 iuglt
357 4870 435 4927 canis,
457 4870 501 4917 lrue
519 4870 646 4918 lutulenta
664 4872 716 4917 rult
734 4883 777 4916 sus

277 5050 363 5058 ——--

359 5182 391 5229 50
411 5184 518 5243 reportia
540 5181 560 5227 t’
577 5194 639 5228 corr.
661 5179 742 5240 Lupa.
851 5178 878 5226 51
901 5180 965 5225 bono
987 5179 1013 5236 V,
1033 5180 1110 5226 bonos
1130 5179 1246 5226 Heinsius
1264 5182 1288 5224 et
1306 5175 1406 5225 Gronov

357 5268 391 5315 X.
429 5269 539 5314 Imitatlo
558 5268 588 5314 ud
608 5268 743 5328 paulinum
764 5265 793 5311 Μ
899 5266 905 5313 l
930 5278 1042 5326 unquam
1062 5264 1119 5326 ME,
1139 5279 1269 5324 nunquam
1291 5264 1439 5324 (numquam
1458 5263 1485 5324 Τ)
1505 5267 1550 5309 cel.
1658 5261 1674 5310 3
1694 5259 1899 5311 oamoeuurunT

272 5353 287 5400 5
306 5367 415 5414 proauus
434 5370 465 5413 m,
486 5355 586 5415 proavlu
608 5350 679 5401 l'eo.⁴
792 5351 807 5399 u
826 5352 967 5412 regulorum
989 5351 1009 5398 Τ
1122 5350 1152 5399 10
1171 5364 1303 5412 nunquam
1326 5349 1347 5395 Τ
1458 5349 1553 5396 nullutn
1570 5362 1624 5409 mu,
1643 5348 1726 5396 aulica
1742 5352 1800 5409 eat,
1819 5346 1898 5395 sulm

272 5436 352 5497 laod.
473 5438 500 5488 ll
521 5443 597 5500 piger
617 5439 638 5484 Τ
751 5439 884 5500 consperml
902 5453 948 5500 per
966 5438 1011 5485 hoc
1027 5437 1107 5486 ederis
1126 5437 1217 5485 etlam
1236 5434 1265 5482 Μ
1381 5433 1411 5483 12
1429 5447 1496 5481 rome
1515 5431 1544 5480 Μ
1665 5432 1697 5483 lt
1715 5447 1826 5483 amnne
1842 5430 1870 5480 Ι

271 5529 360 5590 potum
383 5526 404 5571 Τ
519 5526 548 5573 Π
570 5531 683 5573 sanetum
704 5524 725 5571 Τ
746 5527 770 5586 (u
790 5538 820 5572 aa
838 5526 861 5584 ι)
978 5538 1052 5586 pasca
1071 5540 1093 5572 ω
1209 5521 1238 5573 tr
1261 5523 1346 5570 leruor
1366 5520 1387 5567 Τ
1502 5533 1637 5582 cumgrege
1658 5518 1719 5567 Μ
1829 5517 1894 5577 aaa·

272 5611 332 5672 ΜΕ,
351 5610 428 5671 uulgo
445 5616 489 5660 eet.
597 5610 629 5660 23
648 5613 722 5660 accho
744 5612 764 5657 Τ
868 5610 900 5659 25
919 5625 1009 5658 ιιιιιιιο
1032 5610 1052 5656 Τ
1155 5609 1187 5659 28
1206 5624 1250 5672 per
1270 5614 1355 5670 saepta
1373 5609 1505 5655 Accusatur
