<?xml version="1.0" encoding="UTF-8"?>
<!DOCTYPE html PUBLIC "-//W3C//DTD XHTML 1.0 Transitional//EN"
    "http://www.w3.org/TR/xhtml1/DTD/xhtml1-transitional.dtd">
<html xmlns="http://www.w3.org/1999/xhtml" xml:lang="en" lang="en">
 <head>
  <title>
</title>
<meta http-equiv="Content-Type" content="text/html;charset=utf-8" />
  <meta name='ocr-system' content='tesseract 3.04.00' />
  <meta name='ocr-capabilities' content='ocr_page ocr_carea ocr_par ocr_line ocrx_word'/>
</head>
<body>
  <div class='ocr_page' id='page_1' title='image "./dmagniavsoniiop00ausogoog_0014.png"; bbox 0 0 4358 6234; ppageno 0'>
   <div class='ocr_carea' id='block_1_1' title="bbox 954 364 1882 437">
    <p class='ocr_par' dir='ltr' id='par_1_1' title="bbox 954 364 1882 437">
     <span class='ocr_line' id='line_1_1' title="bbox 954 364 1882 437; baseline 0.008 -16"><span class='ocrx_word' id='word_1_1' title='bbox 954 365 1183 421; x_wconf 76' lang='lat' dir='ltr'><strong>Pssoonulvu.</strong></span> <span class='ocrx_word' id='word_1_2' title='bbox 1334 373 1338 386; x_wconf 94' lang='lat'>&#39;</span> <span class='ocrx_word' id='word_1_3' title='bbox 1587 427 1593 437; x_wconf 65' lang='lat'>‚</span> <span class='ocrx_word' id='word_1_4' title='bbox 1821 364 1882 428; x_wconf 82' lang='lat' dir='ltr'><strong>Vll</strong></span> 
     </span>
    </p>
   </div>
   <div class='ocr_carea' id='block_1_2' title="bbox 254 578 1890 5117">
    <p class='ocr_par' dir='ltr' id='par_1_2' title="bbox 254 578 1887 2600">
     <span class='ocr_line' id='line_1_2' title="bbox 256 578 1880 674; baseline -0.001 -18"><span class='ocrx_word' id='word_1_5' title='bbox 256 590 311 656; x_wconf 91' lang='lat' dir='ltr'><strong>ubi</strong></span> <span class='ocrx_word' id='word_1_6' title='bbox 333 610 407 656; x_wconf 91' lang='lat' dir='ltr'><strong>eum</strong></span> <span class='ocrx_word' id='word_1_7' title='bbox 430 578 540 656; x_wconf 85' lang='lat' dir='ltr'><strong>senem</strong></span> <span class='ocrx_word' id='word_1_8' title='bbox 562 609 716 655; x_wconf 90' lang='lat' dir='ltr'><strong>annorum</strong></span> <span class='ocrx_word' id='word_1_9' title='bbox 740 591 915 674; x_wconf 80' lang='lat' dir='ltr'>nonaginta</span> <span class='ocrx_word' id='word_1_10' title='bbox 938 597 1094 656; x_wconf 91' lang='lat' dir='ltr'><strong>mortuum</strong></span> <span class='ocrx_word' id='word_1_11' title='bbox 1119 609 1191 656; x_wconf 92' lang='grc'>6666</span> <span class='ocrx_word' id='word_1_12' title='bbox 1214 590 1363 656; x_wconf 83' lang='lat' dir='ltr'><strong>traditur.</strong></span> <span class='ocrx_word' id='word_1_13' title='bbox 1410 609 1542 672; x_wconf 88' lang='lat' dir='ltr'><strong>quorum</strong></span> <span class='ocrx_word' id='word_1_14' title='bbox 1559 588 1662 654; x_wconf 88' lang='lat' dir='ltr'><strong>altero</strong></span> <span class='ocrx_word' id='word_1_15' title='bbox 1679 595 1785 654; x_wconf 86' lang='lat' dir='ltr'><strong>certus</strong></span> <span class='ocrx_word' id='word_1_16' title='bbox 1801 588 1880 654; x_wconf 89' lang='lat' dir='ltr'><strong>mihi</strong></span> 
     </span>
     <span class='ocr_line' id='line_1_3' title="bbox 257 708 1883 794; baseline -0.002 -17"><span class='ocrx_word' id='word_1_17' title='bbox 257 710 384 777; x_wconf 88' lang='lat' dir='ltr'><strong>videtur</strong></span> <span class='ocrx_word' id='word_1_18' title='bbox 415 709 542 776; x_wconf 88' lang='lat' dir='ltr'><strong>deliniri</strong></span> <span class='ocrx_word' id='word_1_19' title='bbox 571 730 726 776; x_wconf 87' lang='lat' dir='ltr'><strong>annorum</strong></span> <span class='ocrx_word' id='word_1_20' title='bbox 753 732 920 792; x_wconf 77' lang='lat' dir='ltr'><strong>numerus,</strong></span> <span class='ocrx_word' id='word_1_21' title='bbox 955 711 988 776; x_wconf 94' lang='lat' dir='ltr'><strong>in</strong></span> <span class='ocrx_word' id='word_1_22' title='bbox 1010 711 1112 777; x_wconf 89' lang='lat' dir='ltr'><strong>altero</strong></span> <span class='ocrx_word' id='word_1_23' title='bbox 1135 709 1289 777; x_wconf 87' lang='lat' dir='ltr'><strong>rotundus</strong></span> <span class='ocrx_word' id='word_1_24' title='bbox 1311 711 1366 794; x_wconf 90' lang='lat' dir='ltr'><strong>qui</strong></span> <span class='ocrx_word' id='word_1_25' title='bbox 1389 709 1504 776; x_wconf 90' lang='lat' dir='ltr'><strong>dieitur</strong></span> <span class='ocrx_word' id='word_1_26' title='bbox 1523 708 1642 775; x_wconf 89' lang='lat' dir='ltr'><strong>inesse.</strong></span> <span class='ocrx_word' id='word_1_27' title='bbox 1689 729 1883 794; x_wconf 90' lang='lat' dir='ltr'><strong>quamquam</strong></span> 
     </span>
     <span class='ocr_line' id='line_1_4' title="bbox 256 829 1883 917; baseline -0.002 -21"><span class='ocrx_word' id='word_1_28' title='bbox 256 830 438 915; x_wconf 86' lang='lat' dir='ltr'><strong>obloquitur</strong></span> <span class='ocrx_word' id='word_1_29' title='bbox 460 831 657 898; x_wconf 90' lang='lat' dir='ltr'><strong>Brandesius</strong></span> <span class='ocrx_word' id='word_1_30' title='bbox 685 833 727 917; x_wconf 88' lang='lat' dir='ltr'><strong>(p.</strong></span> <span class='ocrx_word' id='word_1_31' title='bbox 756 832 805 914; x_wconf 86' lang='grc'><strong>16)</strong></span> <span class='ocrx_word' id='word_1_32' title='bbox 838 839 870 897; x_wconf 86' lang='grc'><strong>61</strong></span> <span class='ocrx_word' id='word_1_33' title='bbox 892 831 1013 916; x_wconf 82' lang='lat' dir='ltr'><strong>duplici</strong></span> <span class='ocrx_word' id='word_1_34' title='bbox 1036 830 1223 898; x_wconf 87' lang='lat' dir='ltr'><strong>confirmare</strong></span> <span class='ocrx_word' id='word_1_35' title='bbox 1246 831 1354 896; x_wconf 83' lang='lat' dir='ltr'><strong>studet</strong></span> <span class='ocrx_word' id='word_1_36' title='bbox 1377 831 1498 897; x_wconf 90' lang='lat' dir='ltr'><strong>ratione</strong></span> <span class='ocrx_word' id='word_1_37' title='bbox 1521 830 1613 896; x_wconf 89' lang='lat' dir='ltr'><strong>alteri</strong></span> <span class='ocrx_word' id='word_1_38' title='bbox 1637 830 1706 895; x_wconf 90' lang='lat' dir='ltr'><strong>loco</strong></span> <span class='ocrx_word' id='word_1_39' title='bbox 1729 829 1883 895; x_wconf 91' lang='lat' dir='ltr'><strong>maiorem</strong></span> 
     </span>
     <span class='ocr_line' id='line_1_5' title="bbox 254 950 1884 1037; baseline -0.001 -21"><span class='ocrx_word' id='word_1_40' title='bbox 254 951 321 1016; x_wconf 86' lang='lat' dir='ltr'><strong>vim</strong></span> <span class='ocrx_word' id='word_1_41' title='bbox 343 950 545 1017; x_wconf 87' lang='lat' dir='ltr'><strong>tribuendam</strong></span> <span class='ocrx_word' id='word_1_42' title='bbox 569 971 653 1018; x_wconf 90' lang='grc'>6666.</span> <span class='ocrx_word' id='word_1_43' title='bbox 700 959 735 1017; x_wconf 86' lang='grc'><strong>61</strong></span> <span class='ocrx_word' id='word_1_44' title='bbox 756 972 861 1036; x_wconf 89' lang='lat' dir='ltr'><strong>neque</strong></span> <span class='ocrx_word' id='word_1_45' title='bbox 882 951 931 1034; x_wconf 86' lang='lat' dir='ltr'><strong>id,</strong></span> <span class='ocrx_word' id='word_1_46' title='bbox 958 951 1043 1035; x_wconf 89' lang='lat' dir='ltr'><strong>quod</strong></span> <span class='ocrx_word' id='word_1_47' title='bbox 1067 951 1171 1037; x_wconf 90' lang='lat' dir='ltr'><strong>priore</strong></span> <span class='ocrx_word' id='word_1_48' title='bbox 1193 951 1301 1035; x_wconf 83' lang='lat' dir='ltr'><strong>posuit</strong></span> <span class='ocrx_word' id='word_1_49' title='bbox 1321 952 1409 1032; x_wconf 87' lang='lat' dir='ltr'><strong>loco,</strong></span> <span class='ocrx_word' id='word_1_50' title='bbox 1437 957 1661 1035; x_wconf 82' lang='lat' dir='ltr'><strong>argumentum</strong></span> <span class='ocrx_word' id='word_1_51' title='bbox 1684 950 1727 1016; x_wconf 90' lang='grc'><strong>66</strong></span> <span class='ocrx_word' id='word_1_52' title='bbox 1748 969 1884 1035; x_wconf 90' lang='lat' dir='ltr'><strong>persua-</strong></span> 
     </span>
     <span class='ocr_line' id='line_1_6' title="bbox 256 1069 1885 1157; baseline -0.001 -20"><span class='ocrx_word' id='word_1_53' title='bbox 256 1070 395 1137; x_wconf 88' lang='lat' dir='ltr'><strong>dendum</strong></span> <span class='ocrx_word' id='word_1_54' title='bbox 426 1079 537 1157; x_wconf 90' lang='lat' dir='ltr'><strong>aptum</strong></span> <span class='ocrx_word' id='word_1_55' title='bbox 567 1092 639 1138; x_wconf 90' lang='lat' dir='ltr'><strong>esse</strong></span> <span class='ocrx_word' id='word_1_56' title='bbox 669 1072 811 1153; x_wconf 85' lang='lat' dir='ltr'><strong>videtur,</strong></span> <span class='ocrx_word' id='word_1_57' title='bbox 846 1092 908 1153; x_wconf 90' lang='lat' dir='ltr'><strong>quo</strong></span> <span class='ocrx_word' id='word_1_58' title='bbox 937 1072 1090 1138; x_wconf 90' lang='lat' dir='ltr'><strong>maiorem</strong></span> <span class='ocrx_word' id='word_1_59' title='bbox 1121 1071 1217 1138; x_wconf 87' lang='lat' dir='ltr'><strong>fidem</strong></span> <span class='ocrx_word' id='word_1_60' title='bbox 1248 1072 1428 1138; x_wconf 87' lang='lat' dir='ltr'><strong>habendam</strong></span> <span class='ocrx_word' id='word_1_61' title='bbox 1459 1091 1532 1138; x_wconf 89' lang='grc'>6666</span> <span class='ocrx_word' id='word_1_62' title='bbox 1555 1071 1718 1137; x_wconf 83' lang='lat' dir='ltr'><strong>contendit</strong></span> <span class='ocrx_word' id='word_1_63' title='bbox 1739 1069 1885 1156; x_wconf 80' lang='lat' dir='ltr'><strong>Epicedii</strong></span> 
     </span>
     <span class='ocr_line' id='line_1_7' title="bbox 256 1191 1884 1277; baseline 0.001 -22"><span class='ocrx_word' id='word_1_64' title='bbox 256 1198 379 1277; x_wconf 90' lang='lat' dir='ltr'><strong>utpote·</strong></span> <span class='ocrx_word' id='word_1_65' title='bbox 394 1192 495 1277; x_wconf 89' lang='lat' dir='ltr'><strong>patris</strong></span> <span class='ocrx_word' id='word_1_66' title='bbox 525 1192 657 1276; x_wconf 86' lang='lat' dir='ltr'><strong>imagini</strong></span> <span class='ocrx_word' id='word_1_67' title='bbox 689 1193 860 1277; x_wconf 80' lang='lat' dir='ltr'><strong>subscripti</strong></span> <span class='ocrx_word' id='word_1_68' title='bbox 882 1192 1008 1275; x_wconf 79' lang='lat' dir='ltr'><strong>verbis,</strong></span> <span class='ocrx_word' id='word_1_69' title='bbox 1041 1213 1145 1276; x_wconf 90' lang='lat' dir='ltr'><strong>neque</strong></span> <span class='ocrx_word' id='word_1_70' title='bbox 1168 1194 1303 1258; x_wconf 91' lang='lat' dir='ltr'><strong>alterum</strong></span> <span class='ocrx_word' id='word_1_71' title='bbox 1327 1213 1367 1258; x_wconf 82' lang='lat' dir='ltr'><strong>ex</strong></span> <span class='ocrx_word' id='word_1_72' title='bbox 1391 1192 1540 1257; x_wconf 89' lang='lat' dir='ltr'><strong>universa</strong></span> <span class='ocrx_word' id='word_1_73' title='bbox 1562 1192 1778 1257; x_wconf 88' lang='lat' dir='ltr'><strong>Parentalium</strong></span> <span class='ocrx_word' id='word_1_74' title='bbox 1802 1191 1884 1256; x_wconf 87' lang='lat' dir='ltr'><strong>serie</strong></span> 
     </span>
     <span class='ocr_line' id='line_1_8' title="bbox 257 1311 1886 1398; baseline -0.001 -20"><span class='ocrx_word' id='word_1_75' title='bbox 257 1312 495 1398; x_wconf 83' lang='lat' dir='ltr'><strong>depromptum,</strong></span> <span class='ocrx_word' id='word_1_76' title='bbox 527 1313 560 1377; x_wconf 95' lang='lat' dir='ltr'><strong>in</strong></span> <span class='ocrx_word' id='word_1_77' title='bbox 583 1334 647 1396; x_wconf 87' lang='lat' dir='ltr'><strong>qua</strong></span> <span class='ocrx_word' id='word_1_78' title='bbox 671 1313 808 1380; x_wconf 87' lang='lat' dir='ltr'><strong>maiores</strong></span> <span class='ocrx_word' id='word_1_79' title='bbox 830 1319 907 1379; x_wconf 90' lang='lat' dir='ltr'><strong>natu</strong></span> <span class='ocrx_word' id='word_1_80' title='bbox 931 1332 1002 1393; x_wconf 87' lang='lat' dir='ltr'><strong>eos,</strong></span> <span class='ocrx_word' id='word_1_81' title='bbox 1037 1314 1091 1397; x_wconf 90' lang='lat' dir='ltr'><strong>qui</strong></span> <span class='ocrx_word' id='word_1_82' title='bbox 1114 1314 1254 1379; x_wconf 88' lang='lat' dir='ltr'><strong>iuniores</strong></span> <span class='ocrx_word' id='word_1_83' title='bbox 1276 1321 1408 1378; x_wconf 85' lang='lat' dir='ltr'><strong>mortem</strong></span> <span class='ocrx_word' id='word_1_84' title='bbox 1432 1312 1595 1393; x_wconf 89' lang='lat' dir='ltr'><strong>obierunt,</strong></span> <span class='ocrx_word' id='word_1_85' title='bbox 1629 1313 1699 1378; x_wconf 90' lang='lat' dir='ltr'><strong>loco</strong></span> <span class='ocrx_word' id='word_1_86' title='bbox 1722 1311 1789 1379; x_wconf 89' lang='lat' dir='ltr'><strong>lere</strong></span> <span class='ocrx_word' id='word_1_87' title='bbox 1813 1331 1886 1396; x_wconf 86' lang='lat' dir='ltr'><strong>pro·</strong></span> 
     </span>
     <span class='ocr_line' id='line_1_9' title="bbox 256 1412 1885 1518; baseline -0.002 -20"><span class='ocrx_word' id='word_1_88' title='bbox 256 1412 373 1499; x_wconf 85' lang='lat' dir='ltr'><strong>cedant</strong></span> <span class='ocrx_word' id='word_1_89' title='bbox 398 1432 449 1516; x_wconf 81' lang='lat' dir='ltr'><strong>[cf.</strong></span> <span class='ocrx_word' id='word_1_90' title='bbox 476 1433 536 1498; x_wconf 91' lang='lat' dir='ltr'><strong>XV</strong></span> <span class='ocrx_word' id='word_1_91' title='bbox 563 1437 612 1514; x_wconf 90' lang='grc'><strong>11,</strong></span> <span class='ocrx_word' id='word_1_92' title='bbox 642 1438 751 1518; x_wconf 72' lang='grc'>1616).</span> <span class='ocrx_word' id='word_1_93' title='bbox 799 1454 903 1499; x_wconf 92' lang='lat' dir='ltr'><strong>nonne</strong></span> <span class='ocrx_word' id='word_1_94' title='bbox 934 1433 1036 1515; x_wconf 85' lang='lat' dir='ltr'><strong>euim,</strong></span> <span class='ocrx_word' id='word_1_95' title='bbox 1071 1435 1132 1499; x_wconf 90' lang='lat' dir='ltr'><strong>etsi</strong></span> <span class='ocrx_word' id='word_1_96' title='bbox 1155 1434 1271 1500; x_wconf 91' lang='lat' dir='ltr'><strong>Iulium</strong></span> <span class='ocrx_word' id='word_1_97' title='bbox 1302 1434 1459 1514; x_wconf 88' lang='lat' dir='ltr'><strong>omnium,</strong></span> <span class='ocrx_word' id='word_1_98' title='bbox 1494 1454 1573 1515; x_wconf 85' lang='lat' dir='ltr'><strong>quos</strong></span> <span class='ocrx_word' id='word_1_99' title='bbox 1603 1433 1636 1498; x_wconf 93' lang='lat' dir='ltr'><strong>in</strong></span> <span class='ocrx_word' id='word_1_100' title='bbox 1660 1433 1885 1498; x_wconf 87' lang='lat' dir='ltr'><strong>Parentalibns</strong></span> 
     </span>
     <span class='ocr_line' id='line_1_10' title="bbox 256 1553 1881 1639; baseline 0 -22"><span class='ocrx_word' id='word_1_101' title='bbox 256 1553 515 1619; x_wconf 87' lang='lat' dir='ltr'><strong>commemoravit</strong></span> <span class='ocrx_word' id='word_1_102' title='bbox 540 1553 709 1637; x_wconf 76' lang='lat' dir='ltr'><strong>Decimus,</strong></span> <span class='ocrx_word' id='word_1_103' title='bbox 741 1554 915 1619; x_wconf 78' lang='lat' dir='ltr'><strong>maximum</strong></span> <span class='ocrx_word' id='word_1_104' title='bbox 944 1561 1021 1620; x_wconf 87' lang='lat' dir='ltr'><strong>natu</strong></span> <span class='ocrx_word' id='word_1_105' title='bbox 1052 1553 1153 1620; x_wconf 84' lang='lat' dir='ltr'><strong>fuisse</strong></span> <span class='ocrx_word' id='word_1_106' title='bbox 1183 1554 1346 1637; x_wconf 82' lang='lat' dir='ltr'><strong>colligitur</strong></span> <span class='ocrx_word' id='word_1_107' title='bbox 1374 1575 1414 1620; x_wconf 84' lang='grc'><strong>61</strong></span> <span class='ocrx_word' id='word_1_108' title='bbox 1444 1554 1510 1637; x_wconf 92' lang='lat' dir='ltr'><strong>eis,</strong></span> <span class='ocrx_word' id='word_1_109' title='bbox 1543 1574 1627 1639; x_wconf 90' lang='lat' dir='ltr'><strong>quae</strong></span> <span class='ocrx_word' id='word_1_110' title='bbox 1656 1553 1716 1618; x_wconf 86' lang='lat' dir='ltr'><strong>XV</strong></span> <span class='ocrx_word' id='word_1_111' title='bbox 1739 1557 1770 1635; x_wconf 86' lang='lat'><strong>3,</strong></span> <span class='ocrx_word' id='word_1_112' title='bbox 1800 1557 1881 1636; x_wconf 90' lang='lat' dir='ltr'><strong>lsq.</strong></span> 
     </span>
     <span class='ocr_line' id='line_1_11' title="bbox 256 1672 1884 1760; baseline -0.001 -23"><span class='ocrx_word' id='word_1_113' title='bbox 256 1672 395 1756; x_wconf 91' lang='lat' dir='ltr'><strong>legimus</strong></span> <span class='ocrx_word' id='word_1_114' title='bbox 425 1678 534 1757; x_wconf 85' lang='lat' dir='ltr'><strong>‘quem</strong></span> <span class='ocrx_word' id='word_1_115' title='bbox 557 1694 676 1760; x_wconf 89' lang='lat' dir='ltr'><strong>ponere</strong></span> <span class='ocrx_word' id='word_1_116' title='bbox 698 1675 852 1760; x_wconf 86' lang='lat' dir='ltr'><strong>primum,</strong></span> <span class='ocrx_word' id='word_1_117' title='bbox 879 1675 940 1740; x_wconf 89' lang='lat' dir='ltr'><strong>etsi</strong></span> <span class='ocrx_word' id='word_1_118' title='bbox 962 1681 1127 1740; x_wconf 89' lang='lat' dir='ltr'><strong>cunctetur</strong></span> <span class='ocrx_word' id='word_1_119' title='bbox 1149 1674 1252 1757; x_wconf 83' lang='lat' dir='ltr'><strong>filius,</strong></span> <span class='ocrx_word' id='word_1_120' title='bbox 1278 1674 1356 1741; x_wconf 91' lang='lat' dir='ltr'><strong>ordo</strong></span> <span class='ocrx_word' id='word_1_121' title='bbox 1379 1673 1489 1754; x_wconf 87' lang='lat' dir='ltr'><strong>iubet’‚</strong></span> <span class='ocrx_word' id='word_1_122' title='bbox 1516 1694 1570 1755; x_wconf 87' lang='grc'><strong>66,</strong></span> <span class='ocrx_word' id='word_1_123' title='bbox 1597 1694 1680 1757; x_wconf 84' lang='grc'>6666</span> <span class='ocrx_word' id='word_1_124' title='bbox 1703 1675 1763 1740; x_wconf 85' lang='lat' dir='ltr'><strong>XV</strong></span> <span class='ocrx_word' id='word_1_125' title='bbox 1786 1678 1816 1755; x_wconf 96' lang='grc'><strong>6,</strong></span> <span class='ocrx_word' id='word_1_126' title='bbox 1844 1676 1884 1737; x_wconf 80' lang='lat'><strong>23</strong></span> 
     </span>
     <span class='ocr_line' id='line_1_12' title="bbox 256 1792 1885 1874; baseline 0.001 -17"><span class='ocrx_word' id='word_1_127' title='bbox 256 1792 298 1858; x_wconf 93' lang='lat' dir='ltr'><strong>de</strong></span> <span class='ocrx_word' id='word_1_128' title='bbox 320 1792 454 1858; x_wconf 79' lang='lat' dir='ltr'><strong>Arborio</strong></span> <span class='ocrx_word' id='word_1_129' title='bbox 483 1815 547 1860; x_wconf 87' lang='lat' dir='ltr'><strong>avo</strong></span> <span class='ocrx_word' id='word_1_130' title='bbox 570 1794 722 1861; x_wconf 91' lang='lat' dir='ltr'><strong>Decimus</strong></span> <span class='ocrx_word' id='word_1_131' title='bbox 751 1795 885 1861; x_wconf 85' lang='lat' dir='ltr'><strong>tradidit</strong></span> <span class='ocrx_word' id='word_1_132' title='bbox 918 1800 967 1861; x_wconf 84' lang='lat' dir='ltr'><strong>‘tu</strong></span> <span class='ocrx_word' id='word_1_133' title='bbox 990 1795 1100 1862; x_wconf 88' lang='lat' dir='ltr'><strong>novies</strong></span> <span class='ocrx_word' id='word_1_134' title='bbox 1124 1793 1224 1860; x_wconf 88' lang='lat' dir='ltr'><strong>denos</strong></span> <span class='ocrx_word' id='word_1_135' title='bbox 1247 1795 1346 1860; x_wconf 87' lang='lat' dir='ltr'><strong>vitam</strong></span> <span class='ocrx_word' id='word_1_136' title='bbox 1369 1815 1439 1860; x_wconf 91' lang='lat' dir='ltr'><strong>curn</strong></span> <span class='ocrx_word' id='word_1_137' title='bbox 1463 1794 1593 1860; x_wconf 85' lang='lat' dir='ltr'><strong>duxeris</strong></span> <span class='ocrx_word' id='word_1_138' title='bbox 1615 1795 1740 1874; x_wconf 85' lang='lat' dir='ltr'><strong>annos’,</strong></span> <span class='ocrx_word' id='word_1_139' title='bbox 1773 1794 1885 1860; x_wconf 90' lang='lat' dir='ltr'><strong>eodem</strong></span> 
     </span>
     <span class='ocr_line' id='line_1_13' title="bbox 257 1912 1887 2000; baseline 0.001 -23"><span class='ocrx_word' id='word_1_140' title='bbox 257 1913 352 1978; x_wconf 92' lang='lat' dir='ltr'><strong>modo</strong></span> <span class='ocrx_word' id='word_1_141' title='bbox 373 1912 459 1979; x_wconf 89' lang='lat' dir='ltr'><strong>dicta</strong></span> <span class='ocrx_word' id='word_1_142' title='bbox 481 1934 555 1980; x_wconf 92' lang='lat' dir='ltr'><strong>esse</strong></span> <span class='ocrx_word' id='word_1_143' title='bbox 577 1923 713 2000; x_wconf 91' lang='lat' dir='ltr'><strong>possunt</strong></span> <span class='ocrx_word' id='word_1_144' title='bbox 735 1937 797 2000; x_wconf 86' lang='lat' dir='ltr'><strong>quo</strong></span> <span class='ocrx_word' id='word_1_145' title='bbox 820 1917 879 1981; x_wconf 89' lang='lat' dir='ltr'><strong>illa</strong></span> <span class='ocrx_word' id='word_1_146' title='bbox 906 1915 1095 1998; x_wconf 78' lang='lat' dir='ltr'><strong>‘nonaginta</strong></span> <span class='ocrx_word' id='word_1_147' title='bbox 1116 1916 1228 1981; x_wconf 87' lang='lat' dir='ltr'><strong>annos’</strong></span> <span class='ocrx_word' id='word_1_148' title='bbox 1252 1916 1300 1980; x_wconf 83' lang='lat' dir='ltr'><strong>xl</strong></span> <span class='ocrx_word' id='word_1_149' title='bbox 1318 1920 1347 1999; x_wconf 79' lang='lat'><strong>2,</strong></span> <span class='ocrx_word' id='word_1_150' title='bbox 1367 1919 1403 1979; x_wconf 91' lang='grc'><strong>61</strong></span> <span class='ocrx_word' id='word_1_151' title='bbox 1432 1914 1472 1981; x_wconf 89' lang='grc'><strong>66</strong></span> <span class='ocrx_word' id='word_1_152' title='bbox 1490 1914 1573 1980; x_wconf 91' lang='lat' dir='ltr'><strong>Iulio</strong></span> <span class='ocrx_word' id='word_1_153' title='bbox 1588 1914 1752 1981; x_wconf 71' lang='lat' dir='ltr'><strong>Ausonio?</strong></span> <span class='ocrx_word' id='word_1_154' title='bbox 1774 1936 1887 1999; x_wconf 89' lang='lat' dir='ltr'><strong>quam-</strong></span> 
     </span>
     <span class='ocr_line' id='line_1_14' title="bbox 255 2034 1886 2122; baseline 0.001 -24"><span class='ocrx_word' id='word_1_155' title='bbox 255 2054 352 2117; x_wconf 86' lang='lat' dir='ltr'><strong>quam</strong></span> <span class='ocrx_word' id='word_1_156' title='bbox 374 2034 472 2117; x_wconf 88' lang='lat' dir='ltr'><strong>igitur</strong></span> <span class='ocrx_word' id='word_1_157' title='bbox 495 2035 592 2100; x_wconf 93' lang='lat' dir='ltr'><strong>nolim</strong></span> <span class='ocrx_word' id='word_1_158' title='bbox 615 2057 760 2122; x_wconf 91' lang='lat' dir='ltr'><strong>premere</strong></span> <span class='ocrx_word' id='word_1_159' title='bbox 783 2036 882 2103; x_wconf 89' lang='lat' dir='ltr'><strong>verba</strong></span> <span class='ocrx_word' id='word_1_160' title='bbox 907 2036 1075 2102; x_wconf 80' lang='lat' dir='ltr'><strong>‘undecies</strong></span> <span class='ocrx_word' id='word_1_161' title='bbox 1097 2036 1191 2101; x_wconf 89' lang='lat' dir='ltr'><strong>binas</strong></span> <span class='ocrx_word' id='word_1_162' title='bbox 1213 2034 1428 2120; x_wconf 67' lang='lat' dir='ltr'><strong>olympiadas*</strong></span> <span class='ocrx_word' id='word_1_163' title='bbox 1458 2035 1619 2120; x_wconf 86' lang='lat' dir='ltr'><strong>(egressus</strong></span> <span class='ocrx_word' id='word_1_164' title='bbox 1641 2036 1727 2101; x_wconf 91' lang='lat' dir='ltr'><strong>enim</strong></span> <span class='ocrx_word' id='word_1_165' title='bbox 1750 2035 1886 2102; x_wconf 83' lang='lat' dir='ltr'><strong>sortasse</strong></span> 
     </span>
     <span class='ocr_line' id='line_1_15' title="bbox 257 2153 1886 2241; baseline 0.001 -23"><span class='ocrx_word' id='word_1_166' title='bbox 257 2161 307 2220; x_wconf 92' lang='lat' dir='ltr'><strong>est</strong></span> <span class='ocrx_word' id='word_1_167' title='bbox 329 2153 431 2219; x_wconf 91' lang='lat' dir='ltr'><strong>Iulius</strong></span> <span class='ocrx_word' id='word_1_168' title='bbox 454 2154 539 2221; x_wconf 89' lang='lat' dir='ltr'><strong>bunc</strong></span> <span class='ocrx_word' id='word_1_169' title='bbox 560 2176 726 2223; x_wconf 90' lang='lat' dir='ltr'><strong>numerum</strong></span> <span class='ocrx_word' id='word_1_170' title='bbox 749 2158 800 2222; x_wconf 89' lang='lat' dir='ltr'><strong>vel</strong></span> <span class='ocrx_word' id='word_1_171' title='bbox 824 2157 987 2223; x_wconf 90' lang='lat' dir='ltr'><strong>mensibus</strong></span> <span class='ocrx_word' id='word_1_172' title='bbox 1010 2157 1132 2241; x_wconf 87' lang='lat' dir='ltr'><strong>aliquot</strong></span> <span class='ocrx_word' id='word_1_173' title='bbox 1154 2157 1207 2222; x_wconf 89' lang='lat' dir='ltr'><strong>vel</strong></span> <span class='ocrx_word' id='word_1_174' title='bbox 1229 2162 1294 2222; x_wconf 92' lang='lat' dir='ltr'><strong>toto</strong></span> <span class='ocrx_word' id='word_1_175' title='bbox 1317 2155 1399 2222; x_wconf 90' lang='lat' dir='ltr'><strong>adeo</strong></span> <span class='ocrx_word' id='word_1_176' title='bbox 1421 2158 1537 2240; x_wconf 90' lang='grc'>6666),</span> <span class='ocrx_word' id='word_1_177' title='bbox 1569 2163 1677 2222; x_wconf 85' lang='grc'>161666</span> <span class='ocrx_word' id='word_1_178' title='bbox 1705 2177 1781 2221; x_wconf 96' lang='lat' dir='ltr'><strong>num</strong></span> <span class='ocrx_word' id='word_1_179' title='bbox 1814 2176 1886 2221; x_wconf 82' lang='lat' dir='ltr'><strong>ver-</strong></span> 
     </span>
     <span class='ocr_line' id='line_1_16' title="bbox 256 2273 1887 2361; baseline 0.002 -23"><span class='ocrx_word' id='word_1_180' title='bbox 256 2273 308 2339; x_wconf 91' lang='lat' dir='ltr'><strong>bis</strong></span> <span class='ocrx_word' id='word_1_181' title='bbox 340 2274 532 2358; x_wconf 86' lang='lat' dir='ltr'><strong>‘nonaginta</strong></span> <span class='ocrx_word' id='word_1_182' title='bbox 560 2279 675 2343; x_wconf 65' lang='lat' dir='ltr'><strong>annos*</strong></span> <span class='ocrx_word' id='word_1_183' title='bbox 706 2284 811 2343; x_wconf 91' lang='lat' dir='ltr'><strong>certus</strong></span> <span class='ocrx_word' id='word_1_184' title='bbox 841 2297 993 2344; x_wconf 90' lang='lat' dir='ltr'><strong>numerus</strong></span> <span class='ocrx_word' id='word_1_185' title='bbox 1023 2276 1224 2361; x_wconf 88' lang='lat' dir='ltr'><strong>significatus</strong></span> <span class='ocrx_word' id='word_1_186' title='bbox 1254 2275 1313 2357; x_wconf 87' lang='lat' dir='ltr'><strong>sit,</strong></span> <span class='ocrx_word' id='word_1_187' title='bbox 1351 2297 1468 2360; x_wconf 87' lang='lat' dir='ltr'><strong>magno</strong></span> <span class='ocrx_word' id='word_1_188' title='bbox 1501 2296 1597 2361; x_wconf 90' lang='lat' dir='ltr'><strong>opere</strong></span> <span class='ocrx_word' id='word_1_189' title='bbox 1628 2276 1749 2342; x_wconf 92' lang='lat' dir='ltr'><strong>dubito.</strong></span> <span class='ocrx_word' id='word_1_190' title='bbox 1804 2296 1887 2361; x_wconf 87' lang='lat' dir='ltr'><strong>quac</strong></span> 
     </span>
     <span class='ocr_line' id='line_1_17' title="bbox 258 2394 1887 2480; baseline 0.001 -21"><span class='ocrx_word' id='word_1_191' title='bbox 258 2413 330 2459; x_wconf 92' lang='lat' dir='ltr'><strong>cum</strong></span> <span class='ocrx_word' id='word_1_192' title='bbox 359 2394 404 2459; x_wconf 89' lang='lat' dir='ltr'><strong>ita</strong></span> <span class='ocrx_word' id='word_1_193' title='bbox 434 2395 515 2475; x_wconf 82' lang='lat' dir='ltr'><strong>sint,</strong></span> <span class='ocrx_word' id='word_1_194' title='bbox 550 2396 688 2462; x_wconf 86' lang='lat' dir='ltr'><strong>efficitur</strong></span> <span class='ocrx_word' id='word_1_195' title='bbox 710 2397 826 2463; x_wconf 91' lang='lat' dir='ltr'><strong>Iulium</strong></span> <span class='ocrx_word' id='word_1_196' title='bbox 849 2397 1043 2478; x_wconf 82' lang='lat' dir='ltr'><strong>Ausonium,</strong></span> <span class='ocrx_word' id='word_1_197' title='bbox 1078 2397 1132 2480; x_wconf 91' lang='lat' dir='ltr'><strong>qui</strong></span> <span class='ocrx_word' id='word_1_198' title='bbox 1163 2416 1247 2462; x_wconf 92' lang='lat' dir='ltr'><strong>anno</strong></span> <span class='ocrx_word' id='word_1_199' title='bbox 1270 2413 1467 2461; x_wconf 73' lang='lat' dir='ltr'><strong>ccccxxviii</strong></span> <span class='ocrx_word' id='word_1_200' title='bbox 1496 2396 1576 2463; x_wconf 90' lang='lat' dir='ltr'><strong>obiit</strong></span> <span class='ocrx_word' id='word_1_201' title='bbox 1605 2417 1704 2464; x_wconf 84' lang='lat' dir='ltr'><strong>senex</strong></span> <span class='ocrx_word' id='word_1_202' title='bbox 1733 2418 1887 2463; x_wconf 87' lang='lat' dir='ltr'><strong>annorum</strong></span> 
     </span>
     <span class='ocr_line' id='line_1_18' title="bbox 258 2513 1265 2600; baseline 0.002 -22"><span class='ocrx_word' id='word_1_203' title='bbox 258 2513 326 2579; x_wconf 87' lang='lat' dir='ltr'><strong>lere</strong></span> <span class='ocrx_word' id='word_1_204' title='bbox 348 2513 643 2600; x_wconf 87' lang='lat' dir='ltr'><strong>duodenenaginta‚</strong></span> <span class='ocrx_word' id='word_1_205' title='bbox 670 2525 779 2583; x_wconf 90' lang='lat' dir='ltr'><strong>natum</strong></span> <span class='ocrx_word' id='word_1_206' title='bbox 803 2538 875 2584; x_wconf 90' lang='lat' dir='ltr'><strong>esse</strong></span> <span class='ocrx_word' id='word_1_207' title='bbox 897 2538 982 2583; x_wconf 88' lang='lat' dir='ltr'><strong>anno</strong></span> <span class='ocrx_word' id='word_1_208' title='bbox 1004 2517 1072 2584; x_wconf 88' lang='lat' dir='ltr'><strong>lere</strong></span> <span class='ocrx_word' id='word_1_209' title='bbox 1095 2534 1265 2581; x_wconf 80' lang='lat' dir='ltr'><strong>ccnxxxx.</strong></span> 
     </span>
    </p>

    <p class='ocr_par' dir='ltr' id='par_1_3' title="bbox 257 2636 1889 4167">
     <span class='ocr_line' id='line_1_19' title="bbox 343 2636 1883 2724; baseline 0.006 -24"><span class='ocrx_word' id='word_1_210' title='bbox 343 2636 411 2701; x_wconf 91' lang='lat' dir='ltr'><strong>Iam</strong></span> <span class='ocrx_word' id='word_1_211' title='bbox 441 2656 517 2702; x_wconf 89' lang='lat' dir='ltr'><strong>vero</strong></span> <span class='ocrx_word' id='word_1_212' title='bbox 545 2637 579 2702; x_wconf 93' lang='lat' dir='ltr'><strong>in</strong></span> <span class='ocrx_word' id='word_1_213' title='bbox 609 2637 748 2722; x_wconf 81' lang='lat' dir='ltr'><strong>epistula</strong></span> <span class='ocrx_word' id='word_1_214' title='bbox 776 2637 896 2722; x_wconf 87' lang='lat' dir='ltr'><strong>prima,</strong></span> <span class='ocrx_word' id='word_1_215' title='bbox 929 2659 992 2721; x_wconf 90' lang='lat' dir='ltr'><strong>qua</strong></span> <span class='ocrx_word' id='word_1_216' title='bbox 1019 2644 1143 2724; x_wconf 89' lang='lat' dir='ltr'><strong>patrem</strong></span> <span class='ocrx_word' id='word_1_217' title='bbox 1173 2636 1214 2703; x_wconf 90' lang='lat' dir='ltr'><strong>de</strong></span> <span class='ocrx_word' id='word_1_218' title='bbox 1245 2636 1311 2703; x_wconf 87' lang='lat' dir='ltr'><strong>filio</strong></span> <span class='ocrx_word' id='word_1_219' title='bbox 1333 2660 1354 2703; x_wconf 91' lang='lat' dir='ltr'><strong>a</strong></span> <span class='ocrx_word' id='word_1_220' title='bbox 1376 2658 1412 2704; x_wconf 94' lang='grc'><strong>66</strong></span> <span class='ocrx_word' id='word_1_221' title='bbox 1435 2645 1584 2723; x_wconf 82' lang='grc'>66666616</span> <span class='ocrx_word' id='word_1_222' title='bbox 1607 2638 1771 2705; x_wconf 81' lang='lat' dir='ltr'><strong>certiorem</strong></span> <span class='ocrx_word' id='word_1_223' title='bbox 1796 2638 1883 2709; x_wconf 71' lang='lat' dir='ltr'><strong>lacit,</strong></span> 
     </span>
     <span class='ocr_line' id='line_1_20' title="bbox 258 2756 1880 2844; baseline 0.003 -24"><span class='ocrx_word' id='word_1_224' title='bbox 258 2756 418 2821; x_wconf 88' lang='lat' dir='ltr'><strong>Ausonius</strong></span> <span class='ocrx_word' id='word_1_225' title='bbox 439 2777 471 2821; x_wconf 82' lang='lat' dir='ltr'><strong>v.</strong></span> <span class='ocrx_word' id='word_1_226' title='bbox 500 2759 538 2821; x_wconf 87' lang='grc'><strong>13</strong></span> <span class='ocrx_word' id='word_1_227' title='bbox 554 2776 603 2841; x_wconf 86' lang='lat' dir='ltr'><strong>sq.</strong></span> <span class='ocrx_word' id='word_1_228' title='bbox 629 2758 778 2843; x_wconf 91' lang='lat' dir='ltr'><strong>supparis</strong></span> <span class='ocrx_word' id='word_1_229' title='bbox 801 2777 836 2824; x_wconf 95' lang='grc'><strong>66</strong></span> <span class='ocrx_word' id='word_1_230' title='bbox 858 2759 974 2825; x_wconf 88' lang='lat' dir='ltr'><strong>aetatis</strong></span> <span class='ocrx_word' id='word_1_231' title='bbox 997 2759 1081 2844; x_wconf 91' lang='lat' dir='ltr'><strong>patri</strong></span> <span class='ocrx_word' id='word_1_232' title='bbox 1103 2779 1176 2826; x_wconf 92' lang='grc'>6666</span> <span class='ocrx_word' id='word_1_233' title='bbox 1198 2757 1276 2825; x_wconf 92' lang='lat' dir='ltr'><strong>dicit</strong></span> <span class='ocrx_word' id='word_1_234' title='bbox 1298 2778 1337 2824; x_wconf 90' lang='lat' dir='ltr'><strong>ac</strong></span> <span class='ocrx_word' id='word_1_235' title='bbox 1359 2757 1469 2824; x_wconf 86' lang='lat' dir='ltr'><strong>fratris</strong></span> <span class='ocrx_word' id='word_1_236' title='bbox 1492 2758 1594 2824; x_wconf 88' lang='lat' dir='ltr'><strong>vicem</strong></span> <span class='ocrx_word' id='word_1_237' title='bbox 1625 2759 1744 2825; x_wconf 90' lang='lat' dir='ltr'><strong>habere</strong></span> <span class='ocrx_word' id='word_1_238' title='bbox 1773 2779 1880 2844; x_wconf 89' lang='lat' dir='ltr'><strong>posse.</strong></span> 
     </span>
     <span class='ocr_line' id='line_1_21' title="bbox 257 2875 1887 2964; baseline 0.002 -24"><span class='ocrx_word' id='word_1_239' title='bbox 257 2875 374 2957; x_wconf 86' lang='lat' dir='ltr'><strong>quibus</strong></span> <span class='ocrx_word' id='word_1_240' title='bbox 403 2877 510 2943; x_wconf 87' lang='lat' dir='ltr'><strong>verbis</strong></span> <span class='ocrx_word' id='word_1_241' title='bbox 541 2898 751 2962; x_wconf 90' lang='lat' dir='ltr'><strong>quamquam,</strong></span> <span class='ocrx_word' id='word_1_242' title='bbox 786 2878 819 2943; x_wconf 92' lang='lat' dir='ltr'><strong>id</strong></span> <span class='ocrx_word' id='word_1_243' title='bbox 850 2879 935 2962; x_wconf 88' lang='lat' dir='ltr'><strong>quod</strong></span> <span class='ocrx_word' id='word_1_244' title='bbox 965 2879 1060 2946; x_wconf 87' lang='lat' dir='ltr'><strong>facile</strong></span> <span class='ocrx_word' id='word_1_245' title='bbox 1089 2880 1259 2947; x_wconf 84' lang='lat' dir='ltr'><strong>excusabis</strong></span> <span class='ocrx_word' id='word_1_246' title='bbox 1289 2879 1322 2944; x_wconf 93' lang='lat' dir='ltr'><strong>in</strong></span> <span class='ocrx_word' id='word_1_247' title='bbox 1354 2886 1465 2964; x_wconf 88' lang='lat' dir='ltr'><strong>pocta,</strong></span> <span class='ocrx_word' id='word_1_248' title='bbox 1499 2879 1568 2946; x_wconf 90' lang='lat' dir='ltr'><strong>sine</strong></span> <span class='ocrx_word' id='word_1_249' title='bbox 1598 2880 1695 2946; x_wconf 89' lang='lat' dir='ltr'><strong>dubio</strong></span> <span class='ocrx_word' id='word_1_250' title='bbox 1718 2879 1887 2946; x_wconf 89' lang='lat' dir='ltr'><strong>veritatem</strong></span> 
     </span>
     <span class='ocr_line' id='line_1_22' title="bbox 259 2996 1889 3086; baseline 0.004 -27"><span class='ocrx_word' id='word_1_251' title='bbox 259 2996 362 3081; x_wconf 89' lang='lat' dir='ltr'><strong>ipsam</strong></span> <span class='ocrx_word' id='word_1_252' title='bbox 388 3017 539 3082; x_wconf 87' lang='lat' dir='ltr'><strong>egressus</strong></span> <span class='ocrx_word' id='word_1_253' title='bbox 563 3006 628 3081; x_wconf 84' lang='lat' dir='ltr'><strong>est,</strong></span> <span class='ocrx_word' id='word_1_254' title='bbox 666 3005 774 3065; x_wconf 89' lang='lat' dir='ltr'><strong>tamen</strong></span> <span class='ocrx_word' id='word_1_255' title='bbox 797 3020 860 3065; x_wconf 94' lang='lat' dir='ltr'><strong>non</strong></span> <span class='ocrx_word' id='word_1_256' title='bbox 883 2999 993 3086; x_wconf 89' lang='lat' dir='ltr'><strong>inepta</strong></span> <span class='ocrx_word' id='word_1_257' title='bbox 1014 3021 1119 3084; x_wconf 88' lang='lat' dir='ltr'><strong>neque</strong></span> <span class='ocrx_word' id='word_1_258' title='bbox 1141 3002 1263 3066; x_wconf 90' lang='lat' dir='ltr'><strong>absona</strong></span> <span class='ocrx_word' id='word_1_259' title='bbox 1283 3000 1341 3066; x_wconf 91' lang='lat' dir='ltr'><strong>tibi</strong></span> <span class='ocrx_word' id='word_1_260' title='bbox 1364 3001 1445 3067; x_wconf 89' lang='lat' dir='ltr'><strong>baec</strong></span> <span class='ocrx_word' id='word_1_261' title='bbox 1468 3000 1675 3081; x_wconf 85' lang='lat' dir='ltr'><strong>videbuntur,</strong></span> <span class='ocrx_word' id='word_1_262' title='bbox 1709 3000 1737 3066; x_wconf 85' lang='lat' dir='ltr'><strong>si</strong></span> <span class='ocrx_word' id='word_1_263' title='bbox 1760 3021 1800 3066; x_wconf 89' lang='grc'><strong>66</strong></span> <span class='ocrx_word' id='word_1_264' title='bbox 1822 3020 1889 3066; x_wconf 90' lang='grc'>616-</span> 
     </span>
     <span class='ocr_line' id='line_1_23' title="bbox 260 3117 1887 3206; baseline 0.002 -25"><span class='ocrx_word' id='word_1_265' title='bbox 260 3117 361 3183; x_wconf 89' lang='lat' dir='ltr'><strong>moria</strong></span> <span class='ocrx_word' id='word_1_266' title='bbox 382 3118 560 3203; x_wconf 89' lang='lat' dir='ltr'><strong>repetieris,</strong></span> <span class='ocrx_word' id='word_1_267' title='bbox 586 3139 669 3203; x_wconf 90' lang='lat' dir='ltr'><strong>quae</strong></span> <span class='ocrx_word' id='word_1_268' title='bbox 692 3120 740 3184; x_wconf 89' lang='lat' dir='ltr'><strong>XI</strong></span> <span class='ocrx_word' id='word_1_269' title='bbox 764 3123 793 3201; x_wconf 81' lang='lat'><strong>2,</strong></span> <span class='ocrx_word' id='word_1_270' title='bbox 820 3123 926 3204; x_wconf 82' lang='lat' dir='ltr'><strong>disq.</strong></span> <span class='ocrx_word' id='word_1_271' title='bbox 964 3121 1005 3186; x_wconf 88' lang='grc'><strong>66</strong></span> <span class='ocrx_word' id='word_1_272' title='bbox 1028 3129 1119 3206; x_wconf 90' lang='lat' dir='ltr'><strong>patre</strong></span> <span class='ocrx_word' id='word_1_273' title='bbox 1141 3121 1359 3206; x_wconf 90' lang='lat' dir='ltr'><strong>nonagenario</strong></span> <span class='ocrx_word' id='word_1_274' title='bbox 1382 3120 1535 3186; x_wconf 90' lang='lat' dir='ltr'><strong>Decimus</strong></span> <span class='ocrx_word' id='word_1_275' title='bbox 1558 3121 1689 3201; x_wconf 87' lang='lat' dir='ltr'><strong>rettulit,</strong></span> <span class='ocrx_word' id='word_1_276' title='bbox 1716 3121 1801 3187; x_wconf 89' lang='grc'>6666</span> <span class='ocrx_word' id='word_1_277' title='bbox 1824 3120 1887 3186; x_wconf 93' lang='lat' dir='ltr'><strong>iam</strong></span> 
     </span>
     <span class='ocr_line' id='line_1_24' title="bbox 257 3237 1886 3326; baseline 0.002 -24"><span class='ocrx_word' id='word_1_278' title='bbox 257 3237 448 3322; x_wconf 83' lang='lat' dir='ltr'><strong>intellegas,</strong></span> <span class='ocrx_word' id='word_1_279' title='bbox 481 3246 619 3324; x_wconf 88' lang='lat' dir='ltr'><strong>quantus</strong></span> <span class='ocrx_word' id='word_1_280' title='bbox 650 3239 746 3306; x_wconf 85' lang='lat' dir='ltr'><strong>luerit</strong></span> <span class='ocrx_word' id='word_1_281' title='bbox 775 3240 882 3324; x_wconf 88' lang='lat' dir='ltr'><strong>vigor,</strong></span> <span class='ocrx_word' id='word_1_282' title='bbox 915 3248 1036 3324; x_wconf 86' lang='lat' dir='ltr'><strong>quanta</strong></span> <span class='ocrx_word' id='word_1_283' title='bbox 1057 3241 1188 3307; x_wconf 86' lang='lat' dir='ltr'><strong>iuventa</strong></span> <span class='ocrx_word' id='word_1_284' title='bbox 1210 3243 1243 3307; x_wconf 92' lang='lat' dir='ltr'><strong>in</strong></span> <span class='ocrx_word' id='word_1_285' title='bbox 1265 3242 1322 3306; x_wconf 92' lang='lat' dir='ltr'><strong>illo</strong></span> <span class='ocrx_word' id='word_1_286' title='bbox 1346 3261 1383 3306; x_wconf 90' lang='lat' dir='ltr'><strong>eo</strong></span> <span class='ocrx_word' id='word_1_287' title='bbox 1405 3249 1566 3326; x_wconf 80' lang='lat' dir='ltr'><strong>tempore⁷</strong></span> <span class='ocrx_word' id='word_1_288' title='bbox 1601 3261 1663 3324; x_wconf 92' lang='lat' dir='ltr'><strong>quo</strong></span> <span class='ocrx_word' id='word_1_289' title='bbox 1685 3241 1750 3306; x_wconf 87' lang='lat' dir='ltr'><strong>filio</strong></span> <span class='ocrx_word' id='word_1_290' title='bbox 1772 3246 1886 3306; x_wconf 89' lang='lat' dir='ltr'><strong>auctus</strong></span> 
     </span>
     <span class='ocr_line' id='line_1_25' title="bbox 258 3358 1886 3446; baseline 0.001 -22"><span class='ocrx_word' id='word_1_291' title='bbox 258 3364 308 3424; x_wconf 90' lang='lat' dir='ltr'><strong>est</strong></span> <span class='ocrx_word' id='word_1_292' title='bbox 328 3358 491 3425; x_wconf 88' lang='lat' dir='ltr'><strong>Decimus.</strong></span> <span class='ocrx_word' id='word_1_293' title='bbox 538 3361 596 3426; x_wconf 89' lang='grc'><strong>666</strong></span> <span class='ocrx_word' id='word_1_294' title='bbox 625 3360 653 3426; x_wconf 86' lang='grc'><strong>61</strong></span> <span class='ocrx_word' id='word_1_295' title='bbox 683 3361 743 3426; x_wconf 85' lang='grc'>1166</span> <span class='ocrx_word' id='word_1_296' title='bbox 765 3361 835 3426; x_wconf 89' lang='grc'>1666</span> <span class='ocrx_word' id='word_1_297' title='bbox 857 3367 1022 3446; x_wconf 89' lang='lat' dir='ltr'><strong>poetarum</strong></span> <span class='ocrx_word' id='word_1_298' title='bbox 1046 3382 1132 3427; x_wconf 92' lang='lat' dir='ltr'><strong>more</strong></span> <span class='ocrx_word' id='word_1_299' title='bbox 1155 3383 1222 3428; x_wconf 92' lang='lat' dir='ltr'><strong>rem</strong></span> <span class='ocrx_word' id='word_1_300' title='bbox 1245 3362 1278 3426; x_wconf 92' lang='lat' dir='ltr'><strong>in</strong></span> <span class='ocrx_word' id='word_1_301' title='bbox 1300 3361 1405 3427; x_wconf 88' lang='lat' dir='ltr'><strong>maius</strong></span> <span class='ocrx_word' id='word_1_302' title='bbox 1428 3362 1544 3427; x_wconf 84' lang='lat' dir='ltr'><strong>extulit</strong></span> <span class='ocrx_word' id='word_1_303' title='bbox 1565 3361 1745 3445; x_wconf 85' lang='lat' dir='ltr'><strong>Ausonius,</strong></span> <span class='ocrx_word' id='word_1_304' title='bbox 1778 3369 1886 3428; x_wconf 90' lang='lat' dir='ltr'><strong>tamen</strong></span> 
     </span>
     <span class='ocr_line' id='line_1_26' title="bbox 260 3478 1883 3567; baseline 0.001 -23"><span class='ocrx_word' id='word_1_305' title='bbox 260 3478 358 3545; x_wconf 84' lang='lat' dir='ltr'><strong>facile</strong></span> <span class='ocrx_word' id='word_1_306' title='bbox 387 3479 555 3546; x_wconf 87' lang='lat' dir='ltr'><strong>credemus</strong></span> <span class='ocrx_word' id='word_1_307' title='bbox 584 3481 614 3546; x_wconf 91' lang='lat' dir='ltr'><strong>ei</strong></span> <span class='ocrx_word' id='word_1_308' title='bbox 642 3481 772 3566; x_wconf 87' lang='lat' dir='ltr'><strong>neganti</strong></span> <span class='ocrx_word' id='word_1_309' title='bbox 803 3488 926 3548; x_wconf 90' lang='lat' dir='ltr'><strong>tantum</strong></span> <span class='ocrx_word' id='word_1_310' title='bbox 956 3483 1039 3547; x_wconf 92' lang='lat' dir='ltr'><strong>inter</strong></span> <span class='ocrx_word' id='word_1_311' title='bbox 1068 3502 1103 3548; x_wconf 89' lang='lat' dir='ltr'><strong>se</strong></span> <span class='ocrx_word' id='word_1_312' title='bbox 1132 3488 1165 3548; x_wconf 90' lang='lat' dir='ltr'><strong>et</strong></span> <span class='ocrx_word' id='word_1_313' title='bbox 1194 3488 1317 3567; x_wconf 86' lang='lat' dir='ltr'><strong>patrem</strong></span> <span class='ocrx_word' id='word_1_314' title='bbox 1347 3482 1571 3549; x_wconf 90' lang='lat' dir='ltr'><strong>intercessisse</strong></span> <span class='ocrx_word' id='word_1_315' title='bbox 1592 3481 1710 3549; x_wconf 89' lang='lat' dir='ltr'><strong>aetatis</strong></span> <span class='ocrx_word' id='word_1_316' title='bbox 1732 3482 1883 3567; x_wconf 81' lang='grc'>66611616,</span> 
     </span>
     <span class='ocr_line' id='line_1_27' title="bbox 260 3601 1885 3686; baseline 0.002 -23"><span class='ocrx_word' id='word_1_317' title='bbox 260 3606 377 3683; x_wconf 88' lang='lat' dir='ltr'><strong>quanto</strong></span> <span class='ocrx_word' id='word_1_318' title='bbox 401 3607 528 3685; x_wconf 90' lang='lat' dir='ltr'><strong>patrum</strong></span> <span class='ocrx_word' id='word_1_319' title='bbox 550 3601 739 3686; x_wconf 89' lang='lat' dir='ltr'><strong>plerumque</strong></span> <span class='ocrx_word' id='word_1_320' title='bbox 762 3609 793 3668; x_wconf 87' lang='lat' dir='ltr'><strong>ot</strong></span> <span class='ocrx_word' id='word_1_321' title='bbox 816 3602 953 3668; x_wconf 90' lang='lat' dir='ltr'><strong>filiorum</strong></span> <span class='ocrx_word' id='word_1_322' title='bbox 975 3608 1099 3668; x_wconf 89' lang='lat' dir='ltr'><strong>aetates</strong></span> <span class='ocrx_word' id='word_1_323' title='bbox 1122 3601 1229 3667; x_wconf 89' lang='lat' dir='ltr'><strong>dirimi</strong></span> <span class='ocrx_word' id='word_1_324' title='bbox 1251 3602 1376 3669; x_wconf 87' lang='lat' dir='ltr'><strong>soleant</strong></span> <span class='ocrx_word' id='word_1_325' title='bbox 1402 3604 1453 3686; x_wconf 75' lang='lat' dir='ltr'><strong>(ol.</strong></span> <span class='ocrx_word' id='word_1_326' title='bbox 1478 3624 1509 3667; x_wconf 88' lang='lat' dir='ltr'><strong>v.</strong></span> <span class='ocrx_word' id='word_1_327' title='bbox 1539 3607 1577 3666; x_wconf 90' lang='grc'><strong>15</strong></span> <span class='ocrx_word' id='word_1_328' title='bbox 1594 3604 1670 3686; x_wconf 82' lang='grc'>66).</span> <span class='ocrx_word' id='word_1_329' title='bbox 1719 3602 1803 3668; x_wconf 88' lang='grc'>6666</span> <span class='ocrx_word' id='word_1_330' title='bbox 1831 3621 1885 3667; x_wconf 91' lang='grc'><strong>66-</strong></span> 
     </span>
     <span class='ocr_line' id='line_1_28' title="bbox 261 3719 1887 3806; baseline 0.002 -22"><span class='ocrx_word' id='word_1_331' title='bbox 261 3719 378 3804; x_wconf 86' lang='lat' dir='ltr'><strong>spicari</strong></span> <span class='ocrx_word' id='word_1_332' title='bbox 402 3720 477 3788; x_wconf 89' lang='lat' dir='ltr'><strong>licet</strong></span> <span class='ocrx_word' id='word_1_333' title='bbox 499 3721 616 3787; x_wconf 91' lang='lat' dir='ltr'><strong>lulium</strong></span> <span class='ocrx_word' id='word_1_334' title='bbox 639 3722 917 3789; x_wconf 90' lang='lat' dir='ltr'><strong>adulescentulum</strong></span> <span class='ocrx_word' id='word_1_335' title='bbox 938 3722 1111 3788; x_wconf 83' lang='lat' dir='ltr'><strong>Aemiliam</strong></span> <span class='ocrx_word' id='word_1_336' title='bbox 1126 3722 1281 3791; x_wconf 90' lang='lat' dir='ltr'><strong>Aeoniam</strong></span> <span class='ocrx_word' id='word_1_337' title='bbox 1304 3723 1337 3788; x_wconf 95' lang='lat' dir='ltr'><strong>in</strong></span> <span class='ocrx_word' id='word_1_338' title='bbox 1360 3723 1593 3789; x_wconf 89' lang='lat' dir='ltr'><strong>matrimonium</strong></span> <span class='ocrx_word' id='word_1_339' title='bbox 1617 3722 1760 3806; x_wconf 86' lang='lat' dir='ltr'><strong>duxisse,</strong></span> <span class='ocrx_word' id='word_1_340' title='bbox 1786 3742 1887 3788; x_wconf 90' lang='lat' dir='ltr'><strong>annos</strong></span> 
     </span>
     <span class='ocr_line' id='line_1_29' title="bbox 258 3840 1882 3929; baseline 0.002 -25"><span class='ocrx_word' id='word_1_341' title='bbox 258 3846 367 3906; x_wconf 88' lang='lat' dir='ltr'><strong>natum</strong></span> <span class='ocrx_word' id='word_1_342' title='bbox 397 3840 466 3906; x_wconf 85' lang='lat' dir='ltr'><strong>fere</strong></span> <span class='ocrx_word' id='word_1_343' title='bbox 488 3841 701 3926; x_wconf 86' lang='lat' dir='ltr'><strong>undeviginti.</strong></span> <span class='ocrx_word' id='word_1_344' title='bbox 748 3864 812 3926; x_wconf 91' lang='lat' dir='ltr'><strong>quo</strong></span> <span class='ocrx_word' id='word_1_345' title='bbox 835 3864 875 3910; x_wconf 85' lang='lat' dir='ltr'><strong>ex</strong></span> <span class='ocrx_word' id='word_1_346' title='bbox 898 3843 1098 3909; x_wconf 91' lang='lat' dir='ltr'><strong>matrimonio</strong></span> <span class='ocrx_word' id='word_1_347' title='bbox 1121 3864 1192 3908; x_wconf 92' lang='lat' dir='ltr'><strong>cum</strong></span> <span class='ocrx_word' id='word_1_348' title='bbox 1215 3863 1278 3908; x_wconf 95' lang='lat' dir='ltr'><strong>non</strong></span> <span class='ocrx_word' id='word_1_349' title='bbox 1301 3843 1452 3909; x_wconf 90' lang='lat' dir='ltr'><strong>Decimus</strong></span> <span class='ocrx_word' id='word_1_350' title='bbox 1474 3844 1596 3929; x_wconf 91' lang='lat' dir='ltr'><strong>primus</strong></span> <span class='ocrx_word' id='word_1_351' title='bbox 1618 3850 1705 3910; x_wconf 92' lang='lat' dir='ltr'><strong>ortus</strong></span> <span class='ocrx_word' id='word_1_352' title='bbox 1728 3844 1788 3926; x_wconf 85' lang='lat' dir='ltr'><strong>sit,</strong></span> <span class='ocrx_word' id='word_1_353' title='bbox 1824 3842 1882 3908; x_wconf 91' lang='grc'><strong>666</strong></span> 
     </span>
     <span class='ocr_line' id='line_1_30' title="bbox 258 3960 1880 4049; baseline 0.002 -25"><span class='ocrx_word' id='word_1_354' title='bbox 258 3960 397 4026; x_wconf 89' lang='lat' dir='ltr'><strong>Aemilia</strong></span> <span class='ocrx_word' id='word_1_355' title='bbox 418 3961 560 4028; x_wconf 86' lang='lat' dir='ltr'><strong>Melania</strong></span> <span class='ocrx_word' id='word_1_356' title='bbox 582 3982 670 4029; x_wconf 90' lang='lat' dir='ltr'><strong>soror</strong></span> <span class='ocrx_word' id='word_1_357' title='bbox 691 3983 764 4029; x_wconf 89' lang='lat' dir='ltr'><strong>eum</strong></span> <span class='ocrx_word' id='word_1_358' title='bbox 787 3963 999 4049; x_wconf 87' lang='lat' dir='ltr'><strong>praecesserit</strong></span> <span class='ocrx_word' id='word_1_359' title='bbox 1022 3984 1084 4029; x_wconf 93' lang='lat' dir='ltr'><strong>uno</strong></span> <span class='ocrx_word' id='word_1_360' title='bbox 1107 3964 1236 4031; x_wconf 89' lang='lat' dir='ltr'><strong>consule</strong></span> <span class='ocrx_word' id='word_1_361' title='bbox 1259 3964 1360 4030; x_wconf 90' lang='lat' dir='ltr'><strong>maior</strong></span> <span class='ocrx_word' id='word_1_362' title='bbox 1387 3964 1585 4047; x_wconf 83' lang='lat' dir='ltr'><strong>(cf.xv31.</strong></span> <span class='ocrx_word' id='word_1_363' title='bbox 1606 3968 1649 4045; x_wconf 83' lang='grc'><strong>1),</strong></span> <span class='ocrx_word' id='word_1_364' title='bbox 1677 3983 1791 4047; x_wconf 87' lang='grc'>66666,</span> <span class='ocrx_word' id='word_1_365' title='bbox 1817 3983 1880 4046; x_wconf 90' lang='lat' dir='ltr'><strong>quo</strong></span> 
     </span>
     <span class='ocr_line' id='line_1_31' title="bbox 260 4079 1428 4167; baseline 0.002 -22"><span class='ocrx_word' id='word_1_366' title='bbox 260 4079 365 4146; x_wconf 87' lang='lat' dir='ltr'><strong>lucem</strong></span> <span class='ocrx_word' id='word_1_367' title='bbox 388 4082 526 4167; x_wconf 86' lang='lat' dir='ltr'><strong>aspexit,</strong></span> <span class='ocrx_word' id='word_1_368' title='bbox 553 4085 713 4151; x_wconf 92' lang='lat' dir='ltr'><strong>Ausonius</strong></span> <span class='ocrx_word' id='word_1_369' title='bbox 735 4084 837 4150; x_wconf 83' lang='lat' dir='ltr'><strong>fuisse</strong></span> <span class='ocrx_word' id='word_1_370' title='bbox 860 4083 987 4150; x_wconf 90' lang='lat' dir='ltr'><strong>videtur</strong></span> <span class='ocrx_word' id='word_1_371' title='bbox 1008 4085 1251 4151; x_wconf 86' lang='lat' dir='ltr'><strong>trecentesimus</strong></span> <span class='ocrx_word' id='word_1_372' title='bbox 1273 4083 1428 4150; x_wconf 89' lang='lat' dir='ltr'><strong>decimus.</strong></span> 
     </span>
    </p>

    <p class='ocr_par' dir='ltr' id='par_1_4' title="bbox 260 4200 1890 5117">
     <span class='ocr_line' id='line_1_32' title="bbox 347 4200 1889 4289; baseline 0.003 -23"><span class='ocrx_word' id='word_1_373' title='bbox 347 4200 408 4267; x_wconf 90' lang='lat' dir='ltr'><strong>Cui</strong></span> <span class='ocrx_word' id='word_1_374' title='bbox 430 4202 545 4268; x_wconf 88' lang='lat' dir='ltr'><strong>rationi</strong></span> <span class='ocrx_word' id='word_1_375' title='bbox 569 4225 608 4270; x_wconf 90' lang='lat' dir='ltr'><strong>ea</strong></span> <span class='ocrx_word' id='word_1_376' title='bbox 631 4204 838 4287; x_wconf 85' lang='lat' dir='ltr'><strong>conveniunt,</strong></span> <span class='ocrx_word' id='word_1_377' title='bbox 869 4225 955 4289; x_wconf 82' lang='lat' dir='ltr'><strong>quae</strong></span> <span class='ocrx_word' id='word_1_378' title='bbox 978 4204 1018 4271; x_wconf 90' lang='lat' dir='ltr'><strong>de</strong></span> <span class='ocrx_word' id='word_1_379' title='bbox 1040 4206 1179 4271; x_wconf 90' lang='lat' dir='ltr'><strong>Aemilio</strong></span> <span class='ocrx_word' id='word_1_380' title='bbox 1201 4205 1319 4288; x_wconf 85' lang='lat' dir='ltr'><strong>Magno</strong></span> <span class='ocrx_word' id='word_1_381' title='bbox 1341 4204 1472 4270; x_wconf 79' lang='lat' dir='ltr'><strong>Arborio</strong></span> <span class='ocrx_word' id='word_1_382' title='bbox 1495 4207 1655 4271; x_wconf 87' lang='lat' dir='ltr'><strong>avunculo</strong></span> <span class='ocrx_word' id='word_1_383' title='bbox 1678 4204 1800 4272; x_wconf 89' lang='lat' dir='ltr'><strong>rettulit</strong></span> <span class='ocrx_word' id='word_1_384' title='bbox 1821 4207 1889 4271; x_wconf 92' lang='lat' dir='ltr'><strong>Au-</strong></span> 
     </span>
     <span class='ocr_line' id='line_1_33' title="bbox 261 4320 1888 4411; baseline 0.004 -26"><span class='ocrx_word' id='word_1_385' title='bbox 261 4320 370 4387; x_wconf 90' lang='lat' dir='ltr'><strong>sonius</strong></span> <span class='ocrx_word' id='word_1_386' title='bbox 393 4322 454 4387; x_wconf 85' lang='lat' dir='ltr'><strong>XV</strong></span> <span class='ocrx_word' id='word_1_387' title='bbox 477 4329 507 4406; x_wconf 89' lang='grc'>5,</span> <span class='ocrx_word' id='word_1_388' title='bbox 534 4326 632 4407; x_wconf 78' lang='grc'>966,</span> <span class='ocrx_word' id='word_1_389' title='bbox 659 4344 695 4391; x_wconf 90' lang='grc'><strong>66</strong></span> <span class='ocrx_word' id='word_1_390' title='bbox 718 4325 900 4406; x_wconf 87' lang='lat' dir='ltr'><strong>lactantem,</strong></span> <span class='ocrx_word' id='word_1_391' title='bbox 927 4345 1072 4411; x_wconf 83' lang='lat' dir='ltr'><strong>puerum,</strong></span> <span class='ocrx_word' id='word_1_392' title='bbox 1099 4326 1310 4408; x_wconf 90' lang='lat' dir='ltr'><strong>iuvenemque</strong></span> <span class='ocrx_word' id='word_1_393' title='bbox 1333 4324 1499 4410; x_wconf 81' lang='lat' dir='ltr'><strong>virumque</strong></span> <span class='ocrx_word' id='word_1_394' title='bbox 1521 4326 1564 4391; x_wconf 88' lang='lat' dir='ltr'><strong>ab</strong></span> <span class='ocrx_word' id='word_1_395' title='bbox 1586 4326 1642 4392; x_wconf 94' lang='lat' dir='ltr'><strong>illo</strong></span> <span class='ocrx_word' id='word_1_396' title='bbox 1666 4346 1790 4392; x_wconf 92' lang='lat' dir='ltr'><strong>summa</strong></span> <span class='ocrx_word' id='word_1_397' title='bbox 1813 4345 1888 4391; x_wconf 89' lang='lat' dir='ltr'><strong>cura</strong></span> 
     </span>
     <span class='ocr_line' id='line_1_34' title="bbox 260 4440 1885 4533; baseline 0.004 -28"><span class='ocrx_word' id='word_1_398' title='bbox 260 4440 431 4507; x_wconf 88' lang='lat' dir='ltr'><strong>educatum</strong></span> <span class='ocrx_word' id='word_1_399' title='bbox 453 4450 549 4528; x_wconf 90' lang='lat' dir='ltr'><strong>atque</strong></span> <span class='ocrx_word' id='word_1_400' title='bbox 571 4443 751 4512; x_wconf 91' lang='lat' dir='ltr'><strong>institutum</strong></span> <span class='ocrx_word' id='word_1_401' title='bbox 775 4465 859 4511; x_wconf 91' lang='grc'>6666.</span> <span class='ocrx_word' id='word_1_402' title='bbox 907 4445 1036 4529; x_wconf 90' lang='lat' dir='ltr'><strong>reliquit</strong></span> <span class='ocrx_word' id='word_1_403' title='bbox 1057 4452 1164 4512; x_wconf 88' lang='lat' dir='ltr'><strong>autem</strong></span> <span class='ocrx_word' id='word_1_404' title='bbox 1180 4445 1333 4510; x_wconf 91' lang='lat' dir='ltr'><strong>Arborius</strong></span> <span class='ocrx_word' id='word_1_405' title='bbox 1348 4446 1501 4512; x_wconf 78' lang='lat' dir='ltr'><strong>Tolosam</strong></span> <span class='ocrx_word' id='word_1_406' title='bbox 1523 4467 1562 4512; x_wconf 91' lang='lat' dir='ltr'><strong>ao</strong></span> <span class='ocrx_word' id='word_1_407' title='bbox 1577 4447 1885 4533; x_wconf 80' lang='lat' dir='ltr'><strong>Constantinopolim</strong></span> 
     </span>
     <span class='ocr_line' id='line_1_35' title="bbox 261 4562 1881 4652; baseline 0.004 -26"><span class='ocrx_word' id='word_1_408' title='bbox 261 4562 426 4645; x_wconf 87' lang='lat' dir='ltr'><strong>migravit,</strong></span> <span class='ocrx_word' id='word_1_409' title='bbox 464 4570 499 4630; x_wconf 92' lang='lat' dir='ltr'><strong>ut</strong></span> <span class='ocrx_word' id='word_1_410' title='bbox 527 4563 677 4631; x_wconf 79' lang='lat' dir='ltr'><strong>Caesaris</strong></span> <span class='ocrx_word' id='word_1_411' title='bbox 706 4565 871 4631; x_wconf 91' lang='lat' dir='ltr'><strong>cuiusdam</strong></span> <span class='ocrx_word' id='word_1_412' title='bbox 907 4566 1123 4648; x_wconf 84' lang='lat' dir='ltr'><strong>(Constantem</strong></span> <span class='ocrx_word' id='word_1_413' title='bbox 1153 4585 1224 4630; x_wconf 90' lang='lat' dir='ltr'><strong>eum</strong></span> <span class='ocrx_word' id='word_1_414' title='bbox 1255 4564 1374 4647; x_wconf 85' lang='lat' dir='ltr'><strong>luisse,</strong></span> <span class='ocrx_word' id='word_1_415' title='bbox 1407 4565 1608 4634; x_wconf 81' lang='lat' dir='ltr'><strong>Constantini</strong></span> <span class='ocrx_word' id='word_1_416' title='bbox 1631 4568 1740 4652; x_wconf 87' lang='lat' dir='ltr'><strong>Magni</strong></span> <span class='ocrx_word' id='word_1_417' title='bbox 1770 4566 1881 4645; x_wconf 86' lang='lat' dir='ltr'><strong>lilium,</strong></span> 
     </span>
     <span class='ocr_line' id='line_1_36' title="bbox 261 4682 1884 4774; baseline 0.005 -28"><span class='ocrx_word' id='word_1_418' title='bbox 261 4701 324 4747; x_wconf 93' lang='lat' dir='ltr'><strong>non</strong></span> <span class='ocrx_word' id='word_1_419' title='bbox 352 4682 422 4749; x_wconf 93' lang='lat' dir='ltr'><strong>sine</strong></span> <span class='ocrx_word' id='word_1_420' title='bbox 451 4704 570 4767; x_wconf 86' lang='lat' dir='ltr'><strong>magna</strong></span> <span class='ocrx_word' id='word_1_421' title='bbox 598 4685 665 4751; x_wconf 90' lang='lat' dir='ltr'><strong>veri</strong></span> <span class='ocrx_word' id='word_1_422' title='bbox 697 4686 806 4771; x_wconf 86' lang='lat' dir='ltr'><strong>specie</strong></span> <span class='ocrx_word' id='word_1_423' title='bbox 835 4686 970 4752; x_wconf 87' lang='lat' dir='ltr'><strong>coniecit</strong></span> <span class='ocrx_word' id='word_1_424' title='bbox 1000 4685 1196 4752; x_wconf 90' lang='lat' dir='ltr'><strong>Brandesius</strong></span> <span class='ocrx_word' id='word_1_425' title='bbox 1219 4706 1250 4770; x_wconf 92' lang='grc'><strong>6.</strong></span> <span class='ocrx_word' id='word_1_426' title='bbox 1278 4688 1351 4769; x_wconf 78' lang='grc'>26),</span> <span class='ocrx_word' id='word_1_427' title='bbox 1387 4686 1495 4754; x_wconf 91' lang='lat' dir='ltr'><strong>studia</strong></span> <span class='ocrx_word' id='word_1_428' title='bbox 1524 4698 1650 4774; x_wconf 88' lang='lat' dir='ltr'><strong>regeret</strong></span> <span class='ocrx_word' id='word_1_429' title='bbox 1678 4689 1746 4774; x_wconf 83' lang='lat' dir='ltr'><strong>(XV</strong></span> <span class='ocrx_word' id='word_1_430' title='bbox 1769 4694 1799 4770; x_wconf 86' lang='lat'><strong>5,</strong></span> <span class='ocrx_word' id='word_1_431' title='bbox 1830 4692 1884 4754; x_wconf 76' lang='lat'><strong>15:</strong></span> 
     </span>
     <span class='ocr_line' id='line_1_37' title="bbox 262 4800 1890 4892; baseline 0.004 -27"><span class='ocrx_word' id='word_1_432' title='bbox 262 4800 338 4866; x_wconf 92' lang='lat' dir='ltr'><strong>XVl</strong></span> <span class='ocrx_word' id='word_1_433' title='bbox 365 4807 413 4885; x_wconf 81' lang='lat'><strong>17,</strong></span> <span class='ocrx_word' id='word_1_434' title='bbox 443 4807 482 4869; x_wconf 85' lang='lat'><strong>13</strong></span> <span class='ocrx_word' id='word_1_435' title='bbox 498 4807 603 4888; x_wconf 76' lang='grc'>666),</span> <span class='ocrx_word' id='word_1_436' title='bbox 640 4826 724 4870; x_wconf 88' lang='grc'>6666</span> <span class='ocrx_word' id='word_1_437' title='bbox 754 4806 827 4873; x_wconf 84' lang='grc'>1616</span> <span class='ocrx_word' id='word_1_438' title='bbox 856 4825 1000 4873; x_wconf 74' lang='lat' dir='ltr'><strong>cccxxx.</strong></span> <span class='ocrx_word' id='word_1_439' title='bbox 1048 4827 1111 4890; x_wconf 91' lang='lat' dir='ltr'><strong>quo</strong></span> <span class='ocrx_word' id='word_1_440' title='bbox 1143 4813 1287 4892; x_wconf 88' lang='lat' dir='ltr'><strong>tempore</strong></span> <span class='ocrx_word' id='word_1_441' title='bbox 1321 4827 1392 4873; x_wconf 94' lang='lat' dir='ltr'><strong>cum</strong></span> <span class='ocrx_word' id='word_1_442' title='bbox 1426 4809 1541 4892; x_wconf 84' lang='lat' dir='ltr'><strong>viginti</strong></span> <span class='ocrx_word' id='word_1_443' title='bbox 1570 4809 1637 4876; x_wconf 88' lang='lat' dir='ltr'><strong>lere</strong></span> <span class='ocrx_word' id='word_1_444' title='bbox 1665 4829 1766 4874; x_wconf 89' lang='lat' dir='ltr'><strong>annos</strong></span> <span class='ocrx_word' id='word_1_445' title='bbox 1795 4815 1890 4874; x_wconf 86' lang='lat' dir='ltr'><strong>natus</strong></span> 
     </span>
     <span class='ocr_line' id='line_1_38' title="bbox 264 4923 1889 5013; baseline 0.005 -26"><span class='ocrx_word' id='word_1_446' title='bbox 264 4928 351 4989; x_wconf 85' lang='lat' dir='ltr'><strong>esset</strong></span> <span class='ocrx_word' id='word_1_447' title='bbox 371 4923 541 5004; x_wconf 84' lang='lat' dir='ltr'><strong>Decimus,</strong></span> <span class='ocrx_word' id='word_1_448' title='bbox 573 4932 659 4992; x_wconf 89' lang='lat' dir='ltr'><strong>recte</strong></span> <span class='ocrx_word' id='word_1_449' title='bbox 691 4945 726 4991; x_wconf 89' lang='lat' dir='ltr'><strong>sc</strong></span> <span class='ocrx_word' id='word_1_450' title='bbox 750 4927 851 4993; x_wconf 90' lang='lat' dir='ltr'><strong>virum</strong></span> <span class='ocrx_word' id='word_1_451' title='bbox 874 4927 977 5013; x_wconf 92' lang='lat' dir='ltr'><strong>potuit</strong></span> <span class='ocrx_word' id='word_1_452' title='bbox 999 4926 1124 5008; x_wconf 83' lang='lat' dir='ltr'><strong>dicere,</strong></span> <span class='ocrx_word' id='word_1_453' title='bbox 1158 4927 1346 5012; x_wconf 89' lang='lat' dir='ltr'><strong>praesertim</strong></span> <span class='ocrx_word' id='word_1_454' title='bbox 1369 4949 1440 4994; x_wconf 91' lang='lat' dir='ltr'><strong>oum</strong></span> <span class='ocrx_word' id='word_1_455' title='bbox 1463 4951 1525 4996; x_wconf 94' lang='lat' dir='ltr'><strong>non</strong></span> <span class='ocrx_word' id='word_1_456' title='bbox 1548 4952 1568 4995; x_wconf 84' lang='lat' dir='ltr'><strong>a</strong></span> <span class='ocrx_word' id='word_1_457' title='bbox 1590 4931 1657 4996; x_wconf 89' lang='lat' dir='ltr'><strong>veri</strong></span> <span class='ocrx_word' id='word_1_458' title='bbox 1680 4930 1889 4996; x_wconf 87' lang='lat' dir='ltr'><strong>similitudine</strong></span> 
     </span>
     <span class='ocr_line' id='line_1_39' title="bbox 260 5042 1814 5117; baseline 0.006 -10"><span class='ocrx_word' id='word_1_459' title='bbox 260 5042 433 5109; x_wconf 84' lang='lat' dir='ltr'><strong>abhorreat</strong></span> <span class='ocrx_word' id='word_1_460' title='bbox 454 5063 526 5110; x_wconf 92' lang='lat' dir='ltr'><strong>eum</strong></span> <span class='ocrx_word' id='word_1_461' title='bbox 546 5044 613 5112; x_wconf 88' lang='lat' dir='ltr'><strong>iam</strong></span> <span class='ocrx_word' id='word_1_462' title='bbox 635 5053 701 5112; x_wconf 92' lang='lat' dir='ltr'><strong>tum</strong></span> <span class='ocrx_word' id='word_1_463' title='bbox 725 5047 924 5113; x_wconf 89' lang='lat' dir='ltr'><strong>matrimonio</strong></span> <span class='ocrx_word' id='word_1_464' title='bbox 947 5068 1056 5113; x_wconf 87' lang='lat' dir='ltr'><strong>secum</strong></span> <span class='ocrx_word' id='word_1_465' title='bbox 1078 5047 1222 5114; x_wconf 83' lang='lat' dir='ltr'><strong>iunxisse</strong></span> <span class='ocrx_word' id='word_1_466' title='bbox 1243 5048 1403 5116; x_wconf 82' lang='lat' dir='ltr'><strong>Attusiam</strong></span> <span class='ocrx_word' id='word_1_467' title='bbox 1427 5050 1588 5117; x_wconf 77' lang='lat' dir='ltr'><strong>lucanam</strong></span> <span class='ocrx_word' id='word_1_468' title='bbox 1612 5051 1814 5117; x_wconf 76' lang='lat' dir='ltr'><strong>Sabinam⁵·.</strong></span> 
     </span>
    </p>
   </div>
   <div class='ocr_carea' id='block_1_3' title="bbox 261 5321 1889 5740">
    <p class='ocr_par' dir='ltr' id='par_1_5' title="bbox 261 5321 1889 5740">
     <span class='ocr_line' id='line_1_40' title="bbox 348 5321 1886 5390; baseline 0.007 -20"><span class='ocrx_word' id='word_1_469' title='bbox 348 5321 371 5383; x_wconf 82' lang='grc'><strong>5)</strong></span> <span class='ocrx_word' id='word_1_470' title='bbox 392 5325 425 5371; x_wconf 88' lang='grc'><strong>61.</strong></span> <span class='ocrx_word' id='word_1_471' title='bbox 446 5323 556 5372; x_wconf 85' lang='lat' dir='ltr'><strong>Panlllnl</strong></span> <span class='ocrx_word' id='word_1_472' title='bbox 573 5325 666 5374; x_wconf 88' lang='lat' dir='ltr'><strong>Pellaei</strong></span> <span class='ocrx_word' id='word_1_473' title='bbox 685 5341 759 5374; x_wconf 90' lang='grc'>66161.</span> <span class='ocrx_word' id='word_1_474' title='bbox 780 5326 853 5375; x_wconf 87' lang='grc'>611611.</span> <span class='ocrx_word' id='word_1_475' title='bbox 875 5341 898 5373; x_wconf 86' lang='lat' dir='ltr'><strong>v.</strong></span> <span class='ocrx_word' id='word_1_476' title='bbox 922 5325 1054 5388; x_wconf 81' lang='lat' dir='ltr'><strong>libsqq.,</strong></span> <span class='ocrx_word' id='word_1_477' title='bbox 1081 5328 1126 5375; x_wconf 89' lang='lat' dir='ltr'><strong>ubi</strong></span> <span class='ocrx_word' id='word_1_478' title='bbox 1151 5329 1173 5375; x_wconf 78' lang='lat' dir='ltr'><strong>ia</strong></span> <span class='ocrx_word' id='word_1_479' title='bbox 1197 5342 1223 5377; x_wconf 85' lang='grc'><strong>66</strong></span> <span class='ocrx_word' id='word_1_480' title='bbox 1241 5342 1319 5377; x_wconf 88' lang='grc'>611661</span> <span class='ocrx_word' id='word_1_481' title='bbox 1338 5334 1424 5376; x_wconf 89' lang='lat' dir='ltr'><strong>natum</strong></span> <span class='ocrx_word' id='word_1_482' title='bbox 1444 5329 1534 5390; x_wconf 79' lang='lat' dir='ltr'><strong>viginti</strong></span> <span class='ocrx_word' id='word_1_483' title='bbox 1553 5343 1654 5378; x_wconf 80' lang='lat' dir='ltr'><strong>uxorem</strong></span> <span class='ocrx_word' id='word_1_484' title='bbox 1674 5329 1776 5378; x_wconf 80' lang='lat' dir='ltr'><strong>duxisse</strong></span> <span class='ocrx_word' id='word_1_485' title='bbox 1795 5336 1886 5380; x_wconf 87' lang='lat' dir='ltr'><strong>narrat.</strong></span> 
     </span>
     <span class='ocr_line' id='line_1_41' title="bbox 261 5406 1888 5478; baseline 0.006 -22"><span class='ocrx_word' id='word_1_486' title='bbox 261 5432 296 5442; x_wconf 95' lang='lat'><em>-</em></span> <span class='ocrx_word' id='word_1_487' title='bbox 314 5406 482 5458; x_wconf 82' lang='lat' dir='ltr'><strong>Pmleaaorum</strong></span> <span class='ocrx_word' id='word_1_488' title='bbox 501 5409 720 5470; x_wconf 81' lang='lat' dir='ltr'><strong>Burdigalenaium</strong></span> <span class='ocrx_word' id='word_1_489' title='bbox 739 5414 997 5462; x_wconf 81' lang='lat' dir='ltr'><strong>commemorationem</strong></span> <span class='ocrx_word' id='word_1_490' title='bbox 1015 5418 1072 5475; x_wconf 86' lang='lat' dir='ltr'><strong>post</strong></span> <span class='ocrx_word' id='word_1_491' title='bbox 1089 5429 1111 5462; x_wconf 82' lang='lat' dir='ltr'><strong>a.</strong></span> <span class='ocrx_word' id='word_1_492' title='bbox 1129 5427 1264 5462; x_wconf 77' lang='lat' dir='ltr'><strong>ccccxxxv</strong></span> <span class='ocrx_word' id='word_1_493' title='bbox 1282 5415 1448 5477; x_wconf 79' lang='lat' dir='ltr'><strong>conscriptam</strong></span> <span class='ocrx_word' id='word_1_494' title='bbox 1466 5430 1521 5465; x_wconf 86' lang='lat' dir='ltr'><strong>esse</strong></span> <span class='ocrx_word' id='word_1_495' title='bbox 1540 5430 1571 5464; x_wconf 81' lang='lat' dir='ltr'><strong>ea</strong></span> <span class='ocrx_word' id='word_1_496' title='bbox 1590 5429 1619 5465; x_wconf 92' lang='lat' dir='ltr'><strong>eo</strong></span> <span class='ocrx_word' id='word_1_497' title='bbox 1637 5416 1803 5478; x_wconf 81' lang='lat' dir='ltr'><strong>intellegitur,</strong></span> <span class='ocrx_word' id='word_1_498' title='bbox 1824 5417 1888 5478; x_wconf 90' lang='lat' dir='ltr'><strong>quod</strong></span> 
     </span>
     <span class='ocr_line' id='line_1_42' title="bbox 263 5492 1887 5566; baseline 0.006 -26"><span class='ocrx_word' id='word_1_499' title='bbox 263 5492 323 5542; x_wconf 76' lang='lat' dir='ltr'><strong>xvi</strong></span> <span class='ocrx_word' id='word_1_500' title='bbox 336 5494 361 5555; x_wconf 93' lang='grc'><strong>6,</strong></span> <span class='ocrx_word' id='word_1_501' title='bbox 376 5492 408 5543; x_wconf 77' lang='lat' dir='ltr'><strong>tt</strong></span> <span class='ocrx_word' id='word_1_502' title='bbox 422 5508 460 5558; x_wconf 85' lang='lat' dir='ltr'><strong>aq.</strong></span> <span class='ocrx_word' id='word_1_503' title='bbox 475 5497 629 5559; x_wconf 83' lang='lat' dir='ltr'><strong>supplicium</strong></span> <span class='ocrx_word' id='word_1_504' title='bbox 642 5498 673 5546; x_wconf 89' lang='lat' dir='ltr'><strong>de</strong></span> <span class='ocrx_word' id='word_1_505' title='bbox 686 5498 852 5549; x_wconf 83' lang='lat' dir='ltr'><strong>Priscillianis</strong></span> <span class='ocrx_word' id='word_1_506' title='bbox 865 5507 998 5564; x_wconf 84' lang='grc'>1661616111</span> <span class='ocrx_word' id='word_1_507' title='bbox 1011 5501 1165 5559; x_wconf 77' lang='lat' dir='ltr'><strong>significatur</strong></span> <span class='ocrx_word' id='word_1_508' title='bbox 1185 5500 1227 5561; x_wconf 86' lang='grc'>(61.</span> <span class='ocrx_word' id='word_1_509' title='bbox 1242 5501 1273 5549; x_wconf 83' lang='lat' dir='ltr'><strong>ll.</strong></span> <span class='ocrx_word' id='word_1_510' title='bbox 1290 5501 1398 5550; x_wconf 84' lang='lat' dir='ltr'><strong>Richter.</strong></span> <span class='ocrx_word' id='word_1_511' title='bbox 1415 5502 1465 5551; x_wconf 77' lang='lat' dir='ltr'><strong>lias</strong></span> <span class='ocrx_word' id='word_1_512' title='bbox 1479 5502 1760 5562; x_wconf 71' lang='grc'>66611661661161161611,</span> <span class='ocrx_word' id='word_1_513' title='bbox 1775 5517 1799 5564; x_wconf 89' lang='lat' dir='ltr'><strong>p.</strong></span> <span class='ocrx_word' id='word_1_514' title='bbox 1815 5503 1887 5566; x_wconf 76' lang='lat'>8³5),</span> 
     </span>
     <span class='ocr_line' id='line_1_43' title="bbox 262 5568 1889 5651; baseline 0.007 -26"><span class='ocrx_word' id='word_1_515' title='bbox 262 5577 380 5641; x_wconf 83' lang='lat' dir='ltr'><strong>ldemque</strong></span> <span class='ocrx_word' id='word_1_516' title='bbox 397 5582 547 5644; x_wconf 81' lang='lat' dir='ltr'><strong>opusculum</strong></span> <span class='ocrx_word' id='word_1_517' title='bbox 564 5582 808 5633; x_wconf 84' lang='grc' dir='ltr'>6661Ρ61661611666</span> <span class='ocrx_word' id='word_1_518' title='bbox 824 5568 878 5634; x_wconf 70' lang='lat' dir='ltr'><strong>&#39;arto</strong></span> <span class='ocrx_word' id='word_1_519' title='bbox 896 5587 997 5634; x_wconf 82' lang='lat' dir='ltr'><strong>vinculo</strong></span> <span class='ocrx_word' id='word_1_520' title='bbox 1014 5586 1177 5634; x_wconf 84' lang='lat' dir='ltr'><strong>coniunctum</strong></span> <span class='ocrx_word' id='word_1_521' title='bbox 1196 5601 1251 5635; x_wconf 83' lang='lat' dir='ltr'><strong>esse</strong></span> <span class='ocrx_word' id='word_1_522' title='bbox 1262 5588 1392 5636; x_wconf 87' lang='lat' dir='ltr'><strong>Ausonius</strong></span> <span class='ocrx_word' id='word_1_523' title='bbox 1404 5588 1459 5651; x_wconf 85' lang='grc'>1616</span> <span class='ocrx_word' id='word_1_524' title='bbox 1471 5588 1567 5637; x_wconf 84' lang='lat' dir='ltr'><strong>indicat</strong></span> <span class='ocrx_word' id='word_1_525' title='bbox 1580 5589 1651 5650; x_wconf 79' lang='lat' dir='ltr'><strong>(XVI</strong></span> <span class='ocrx_word' id='word_1_526' title='bbox 1667 5589 1688 5649; x_wconf 94' lang='grc'><strong>1,</strong></span> <span class='ocrx_word' id='word_1_527' title='bbox 1706 5589 1741 5651; x_wconf 91' lang='grc'><strong>1).</strong></span> <span class='ocrx_word' id='word_1_528' title='bbox 1776 5591 1798 5637; x_wconf 84' lang='grc'><strong>61</strong></span> <span class='ocrx_word' id='word_1_529' title='bbox 1812 5592 1889 5651; x_wconf 77' lang='lat' dir='ltr'><strong>igitur</strong></span> 
     </span>
     <span class='ocr_line' id='line_1_44' title="bbox 262 5663 1889 5740; baseline 0.008 -27"><span class='ocrx_word' id='word_1_530' title='bbox 262 5663 403 5715; x_wconf 72' lang='lat' dir='ltr'><strong>Parentalia</strong></span> <span class='ocrx_word' id='word_1_531' title='bbox 418 5681 444 5718; x_wconf 85' lang='lat' dir='ltr'><strong>a.</strong></span> <span class='ocrx_word' id='word_1_532' title='bbox 456 5680 619 5717; x_wconf 77' lang='lat' dir='ltr'><strong>cecuxxrnr</strong></span> <span class='ocrx_word' id='word_1_533' title='bbox 637 5672 773 5732; x_wconf 84' lang='grc'>6616661116</span> <span class='ocrx_word' id='word_1_534' title='bbox 790 5678 857 5734; x_wconf 82' lang='grc'>66116,</span> <span class='ocrx_word' id='word_1_535' title='bbox 881 5672 981 5733; x_wconf 77' lang='lat' dir='ltr'><strong>Sabina,</strong></span> <span class='ocrx_word' id='word_1_536' title='bbox 1003 5685 1066 5733; x_wconf 87' lang='lat' dir='ltr'><strong>quae</strong></span> <span class='ocrx_word' id='word_1_537' title='bbox 1084 5674 1158 5720; x_wconf 80' lang='grc'>661116</span> <span class='ocrx_word' id='word_1_538' title='bbox 1176 5676 1279 5736; x_wconf 77' lang='lat' dir='ltr'><strong>triginta</strong></span> <span class='ocrx_word' id='word_1_539' title='bbox 1297 5688 1342 5721; x_wconf 83' lang='lat' dir='ltr'><strong>sex</strong></span> <span class='ocrx_word' id='word_1_540' title='bbox 1361 5680 1420 5722; x_wconf 90' lang='lat' dir='ltr'><strong>ante</strong></span> <span class='ocrx_word' id='word_1_541' title='bbox 1438 5689 1513 5736; x_wconf 76' lang='lat' dir='ltr'><strong>qurum</strong></span> <span class='ocrx_word' id='word_1_542' title='bbox 1529 5675 1670 5724; x_wconf 86' lang='lat' dir='ltr'><strong>Parentalla</strong></span> <span class='ocrx_word' id='word_1_543' title='bbox 1688 5679 1790 5740; x_wconf 82' lang='grc'>16116111</span> <span class='ocrx_word' id='word_1_544' title='bbox 1806 5679 1889 5726; x_wconf 77' lang='lat' dir='ltr'><strong>Auro·</strong></span> 
     </span>
    </p>
   </div>
   <div class='ocr_carea' id='block_1_4' title="bbox 0 0 2190 6228">
    <p class='ocr_par' dir='ltr' id='par_1_6' title="bbox 0 0 2190 6228">
     <span class='ocr_line' id='line_1_45' title="bbox 0 0 2190 6228; baseline 0 0"><span class='ocrx_word' id='word_1_545' title='bbox 0 0 2190 6228; x_wconf 95' lang='lat' dir='ltr'><strong> </strong></span> 
     </span>
    </p>
   </div>
  </div>
 </body>
</html>
