4358 6234
1008 307 1163 364 AVSONII

892 584 987 650 XXI.
1016 584 1076 650 EX
1099 583 1281 652 GRAECO.

609 723 671 802 Qui
694 724 845 807 laqueum
868 723 949 788 eollo
972 724 1135 804 nectebat,
1162 723 1304 810 reppelit
1325 743 1439 789 aurum

695 825 901 910 thesaurique
924 827 994 892 Ioco
1018 826 1168 911 deposuit
1189 827 1355 909 laqueum:

610 935 644 994 at
666 930 720 1013 qui
743 929 947 1011 condiderat,
973 937 1144 1015 postquam
1167 951 1231 996 non
1252 930 1394 1015 repperit
1415 949 1546 1012 aurum,

697 1034 821 1117 aptavit
843 1034 925 1099 collo
947 1053 1042 1115 quem
1066 1034 1185 1118 reperit
1206 1034 1369 1117 laqueum.
1436 1113 1438 1117 Α

649 1275 757 1340 XXII.
788 1274 845 1338 DE
867 1272 1152 1339 THRASYBVLO
1176 1273 1524 1340 LACEDAEMONIO.

610 1413 741 1497 Excipis
763 1412 900 1478 adverso
923 1410 1008 1494 quod
1030 1417 1158 1496 pectore
1181 1411 1313 1477 volnera
1335 1418 1476 1497 septem,

696 1537 786 1581 arma
809 1514 1055 1600 superveheris
1078 1515 1180 1597 quod,
1207 1514 1427 1601 Thrasybulo,
1453 1523 1524 1597 tua,

610 1641 673 1685 non
696 1619 786 1685 dolor
808 1618 860 1685 hic
883 1618 1002 1704 patris,
1028 1618 1163 1684 Pitanae
1186 1618 1245 1684 sed
1267 1619 1371 1702 gloria
1392 1619 1511 1685 maior:

696 1744 804 1788 rarum
827 1729 894 1787 tam
917 1720 1051 1806 pulchro
1074 1723 1186 1786 funere
1209 1741 1305 1807 posse
1328 1722 1403 1787 frui.

544 1849 556 1887 ι
610 1847 705 1909 quem
728 1833 896 1910 postquam
919 1832 1042 1891 maesto
1065 1825 1143 1890 socii
1165 1844 1301 1909 posuere
1324 1825 1460 1908 feretro,

696 1929 777 1995 talia
799 1928 1026 2010 magnanimus
1049 1927 1151 1994 edidit
1173 1948 1247 1994 orsa
1269 1935 1375 2013 pater:

615 2033 704 2099 ‘flete
728 2033 827 2098 alios:
853 2039 949 2109 natus
972 2031 1114 2097 lacrimis
1136 2052 1200 2097 non
1223 2032 1348 2116 indiget
1370 2033 1463 2111 uIlis,

697 2143 730 2202 et
751 2155 842 2202 meus
865 2142 898 2201 ct
918 2135 994 2201 talis
1017 2142 1049 2200 et
1072 2135 1373 2201 Lacedaemonins’.

878 2376 1003 2441 XXIII.
1030 2377 1088 2442 EX
1111 2375 1295 2443 GRAECO.

610 2517 713 2582 Mater
736 2516 885 2581 Lacaena
907 2515 1011 2599 clipeo
1034 2515 1205 2580 obarmans
1227 2515 1327 2580 filium

700 2624 789 2685 ‘curn
812 2620 896 2703 hoc',
921 2618 1044 2700 inquit,
1076 2619 1201 2683 ‘autin
1225 2618 1285 2683 hoc
1306 2618 1404 2683 redi’.

724 2861 866 2925 XXIIII.
892 2860 939 2925 IN
961 2860 1144 2925 DIVITEM
1166 2859 1445 2924 DEGENEREM.

607 2999 745 3078 Quidam
768 2999 928 3083 superbus
951 2997 1068 3085 opibus
1088 3004 1121 3062 et
1143 2997 1229 3063 fastu
1251 3006 1378 3065 tumens

692 3109 879 3185 tantumque
902 3101 1009 3166 verbis
1031 3101 1150 3167 nobilis

608 3206 731 3291 spernit
754 3204 894 3289 vigentis
917 3204 1006 3269 clara
1029 3204 1130 3270 saecli
1152 3204 1297 3284 nomina,

697 3309 832 3390 antiqua
855 3314 989 3392 captans
1012 3314 1196 3389 stemmata,

357 3522 429 3572 XXI.
467 3521 547 3570 Anah.
569 3521 620 3568 Pal.
641 3519 714 3567 VIIII
733 3517 766 3566 44
785 3512 923 3572 Πλάτωνος
941 3518 986 3566 τοῦ
1006 3514 1134 3583 perdica:

686 3590 784 3661 Χρυσὸν
804 3591 868 3661 ἀνὴρ
888 3589 968 3663 εὑρὼν
988 3591 1060 3643 ἔλιπε
1079 3591 1192 3664 βρόχον·
1212 3591 1291 3660 αὐτὰρ
1310 3590 1324 3642 ὸ
1342 3594 1436 3664 χρυσὸν

754 3668 871 3721 dubietas
891 3668 940 3742 οὐχ
958 3667 1038 3738 εὑρὼν
1057 3669 1123 3740 ἧψεν
1142 3670 1169 3722 ὃν
1190 3666 1247 3738 εὗρε
1266 3668 1368 3741 βρόχον.

271 3754 305 3814 cs.
328 3753 360 3801 45
381 3746 546 3813 (Στατυλλίου
566 3746 707 3812 Φλάκκου).

359 3838 442 3886 XXII.
482 3837 560 3885 Antb.
582 3837 634 3884 Pal.
655 3836 703 3882 v11
723 3834 773 3883 229
793 3828 1005 3903 (Διοσκουρίλουλε

686 3908 724 3980 Tei
744 3909 840 3979 ΙΙιτάνρ
859 3908 1038 3980 Θρασύβουλος
1057 3909 1096 3962 ἐπ’
1113 3909 1218 3967 ἀσπίδος
1236 3907 1333 3978 ἤλυθεν
1352 3910 1456 3974 ἄπνους,

755 3987 819 4041 ἑπτὰ
837 3989 899 4058 πρὸς
919 3985 1034 4058 Ἀργείων
1052 3986 1185 4057 τραύματα
1205 3985 1347 4056 δεξάμενος,

685 4067 783 4126 δεικνὺς
802 4066 874 4119 ἀντίοι
892 4067 987 4118 πάντα·
1007 4067 1050 4118 τὸν
1069 4066 1222 4136 αἱματόεντα
1241 4063 1261 4115 δ’
1280 4064 1294 4117 d
1313 4066 1422 4136 πρέσβυς

753 4144 824 4198 παῖδ’
842 4144 884 4196 ἐπὶ
902 4145 1031 4215 πυρκαϊὴν
1049 4143 1173 4218 Τύννιχος
1191 4142 1245 4196 εἶπε
1263 4142 1357 4202 τιθείς

683 4221 777 4275 ’δειλοὶ
794 4221 990 4276 κλαιέσθωσαν
1011 4223 1061 4295 ἐγὼ
1080 4222 1108 4274 δὲ
1128 4223 1163 4284 σέ,
1184 4222 1282 4282 τέκνον,
1304 4221 1416 4292 ἄδακρυς

754 4302 841 4370 θάψω,
862 4303 904 4354 τὸν
923 4302 967 4354 καὶ
985 4301 1047 4371 ἐμὸν
1065 4301 1108 4354 καὶ
1126 4299 1350 4370 Λακεδαιμόνιον.

272 4380 308 4442 cf.
331 4381 398 4429 Plut.
421 4381 547 4443 Apophth.
570 4383 627 4430 Lac.
648 4397 700 4431 var.
721 4382 754 4432 48

359 4467 459 4514 XXIII.
496 4468 566 4517 PInt.
588 4469 717 4532 Apopbtb.
737 4470 842 4517 Lacaen.
864 4471 951 4518 Incert.
975 4468 1005 4517 15

358 4657 429 4707 XXI.
468 4659 505 4705 Dc
524 4672 553 4707 eo
572 4659 615 4719 qni
634 4659 780 4706 thesaurum
799 4660 911 4721 repperit
929 4672 986 4706 eum
1004 4671 1031 4706 se
1049 4659 1140 4719 laqueo
1158 4659 1239 4707 uellet
1256 4659 1409 4722 suspendere
1425 4658 1451 4720 V,
1472 4659 1513 4707 Ex
1526 4658 1603 4707 Greeo
1622 4655 1753 4726 Μρθρρῖμ,
1774 4660 1813 4707 Ει
1827 4660 1905 4709 Greeo

269 4745 413 4792 traductum
431 4744 462 4791 dc
480 4758 539 4792 casn
557 4744 662 4804 quodam
680 4761 706 4809 χ,
734 4745 782 4802 Qui
801 4758 827 4792 se
846 4746 947 4793 nolebat
965 4744 1118 4805 suspendere
1135 4747 1247 4807 repperit
1265 4759 1353 4793 aurum
1372 4742 1406 4806 οἳ,
1432 4745 1532 4794 uadum
1550 4746 1638 4793 lamma
1659 4745 1689 4807 T,
1716 4745 1835 4795 Biscard.
1855 4750 1904 4796 9οἲ

270 4831 290 4892 1⁴.
316 4828 377 4879 183⁷
481 4829 536 4878 iet
555 4827 570 4876 3
589 4831 722 4893 reperitT
827 4831 973 4894 drepperit
995 4828 1042 4892 Vp²
1062 4831 1087 4893 (p
1104 4845 1144 4891 pr.
1165 4831 1243 4893 eruco]
1264 4829 1352 4894 Mp³b²‚
1377 4832 1490 4895 repperit
1509 4831 1623 4880 Rieecrd.

359 4916 444 4964 XXII.
482 4917 519 4964 De
540 4916 680 4964 Trasibnllo
699 4917 895 4965 Lacedaemonio
914 4923 941 4965 et
958 4918 1047 4965 Pitane
1065 4919 1110 4980 pr‘e
1128 4934 1152 4978 υ,
1173 4918 1211 4965 De
1224 4917 1378 4976 Thrasybulo
1398 4900 1593 4967 La'cedaemonio
1611 4919 1654 4980 qut
1673 4919 1813 4966 fortisatme
1830 4919 1905 4968 dinat-

272 5016 330 5049 cans
349 5003 499 5050 occubuerat
521 5002 645 5063 (occubuit
665 5003 694 5064 EI
715 5002 764 5051 det.
785 5008 841 5064 cet,
862 5004 963 5052 nauum
981 5006 1070 5052 lemma
1091 5003 1149 5064 TM,
1171 5005 1209 5052 De
1229 5004 1385 5062 Thrasybulo
1403 5004 1596 5053 Lacedaemonio
1614 5004 1683 5053 dect.
1813 5004 1824 5054 1
1846 5006 1905 5054 aul-

272 5101 330 5134 nera
350 5088 389 5151 Τχ
492 5087 701 5152 2superuehens
721 5087 750 5134 Μ
850 5089 990 5137 thrasibnle
1010 5088 1044 5149 M,
1065 5089 1230 5165 trasibnlleT
1334 5089 1410 5138 dhic
1428 5090 1515 5138 om.T
1619 5091 1682 5152 pltat
1698 5089 1733 5150 Μ,
1753 5093 1904 5152 piamina,

273 5190 372 5250 pitanae
395 5189 439 5250 Up.
546 5190 666 5253 dpulcro
687 5192 708 5238 T
811 5193 940 5241 bmoestc
961 5193 982 5239 T
1085 5168 1146 5243 adt
1163 5194 1221 5241 talis
1243 5193 1263 5240 T

359 5275 453 5324 XXIII.
492 5277 532 5323 Ex
550 5277 627 5326 Greco
648 5277 686 5340 M,
713 5279 753 5326 Ex
771 5278 849 5328 Greoo
867 5280 1007 5328 traductum
1026 5280 1056 5328 de
1075 5280 1181 5341 quadam
1200 5286 1279 5328 matre
1297 5282 1457 5340 magnanima
1478 5280 1627 5341 (traductum
1646 5285 1668 5328 at
1686 5281 1796 5343 quadarn
1813 5296 1863 5331 οιιι.
1878 5282 1901 5343 ιι)

272 5377 298 5425 χ,
318 5363 418 5409 nauum
437 5363 528 5411 Ionmc
550 5362 579 5424 T,
601 5364 639 5411 De
658 5366 771 5413 Lacaena
789 5372 866 5414 matre
885 5366 952 5415 acal.
972 5368 1044 5427 volpe
1151 5366 1161 5415 l
1184 5369 1284 5415 Iacaeno
1303 5382 1334 5430 (o,
1357 5368 1468 5415 Lacaena
1487 5365 1546 5415 Por.

358 5447 465 5497 xxrrn.
504 5449 533 5496 ln
556 5449 703 5509 degenerem
728 5451 836 5499 diuitem
859 5453 944 5501 mecho
967 5454 1081 5514 genitum
1103 5452 1140 5513 M,
1168 5453 1197 5499 ln
1221 5453 1329 5501 diuitem
1354 5453 1503 5514 degenerem
1527 5455 1642 5514 genitum
1665 5453 1768 5503 moeebc
1795 5454 1906 5511 (masena

274 5545 331 5590 gen.
355 5531 381 5590 E}
402 5533 450 5597 ps,
471 5535 571 5582 nattam
588 5536 678 5585 terame
699 5535 727 5599 T,
749 5538 779 5584 ln
797 5538 903 5585 dIvItem
921 5539 1047 5599 quendam
1065 5538 1133 5587 Saul.
1153 5540 1224 5597 octpo
1331 5537 1474 5587 IstatnT
1577 5539 1725 5599 sumanus
1742 5541 1779 5602 Ia,
1798 5543 1906 5603 rigentis

273 5621 319 5664 eet.
425 5617 568 5668 tseemata
588 5619 616 5667 Μ
