4358 6234
371 338 411 400 26
1113 333 1267 391 AVSONII

370 524 457 608 picta
479 531 515 590 ut
536 522 653 589 dicitur
675 523 775 589 vestis
798 543 862 589 non
885 522 989 606 magis
1018 543 1096 588 auro
1126 542 1183 589 suo
1214 543 1310 606 quam
1341 522 1405 588 tuis
1435 522 1552 588 verbis.
1601 527 1654 586 51.
1686 523 1744 589 sed
1775 524 1876 588 multo
1906 525 2002 608 plura

371 627 500 693 suntin
523 627 595 693 eius
618 633 741 708 ornatu,
768 646 850 709 quae
873 646 931 710 per
952 633 984 690 te
1005 624 1180 691 instructus
1203 625 1370 709 intellego.
1417 625 1580 709 geminum
1604 627 1724 712 quippe
1745 626 1778 691 in
1802 646 1864 691 uno
1887 625 2001 691 babitu

370 730 477 796 radiat
497 750 613 795 nomen
636 730 784 813 Augusti.
832 729 1039 795 Constantius
1061 728 1095 795 in
1117 735 1305 811 argumento
1335 729 1435 794 vestis
1456 728 1627 810 intexitur,
1662 727 1836 795 Gratianus
1864 728 1898 793 in
1929 749 2001 793 mn·
2022 748 2051 788 ra

371 833 458 899 neris
480 833 600 898 bonore
623 832 770 898 sentitur.

457 937 533 1002 XII.
560 941 612 999 55.
637 936 783 1000 Accessit
804 941 870 1000 tam
893 934 1029 1019 inpenso
1051 934 1207 1001 beneficio
1230 942 1284 1001 tuo
1299 934 1426 1019 pondus
1441 935 1640 1016 quomndam
1657 934 1873 1001 sciscitatione
1889 955 2001 1000 cumu-

370 1041 481 1107 latum.
527 1039 752 1122 interrogatus,
779 1058 875 1121 quem
897 1038 1035 1122 priorem
1059 1038 1250 1104 decerneres
1273 1038 1448 1120 consulem,
1478 1057 1539 1103 nec
1560 1037 1772 1104 dubitandum
1795 1057 1867 1104 esse
1889 1037 2000 1103 dixisti

369 1151 404 1209 tu
428 1142 537 1226 etqui
558 1149 663 1208 tecum
686 1141 761 1207 boni
784 1148 858 1206 sunt
880 1140 1028 1207 dubitare
1054 1161 1116 1205 non
1147 1147 1304 1225 poterant.
1351 1140 1410 1206 sed
1440 1147 1548 1207 tamen
1576 1141 1619 1206 ad
1648 1141 1709 1207 hoe
1736 1140 1857 1206 dietum
1886 1160 2002 1208 erexe-

369 1253 441 1311 rant
463 1245 597 1324 animos,
625 1245 680 1326 qui
702 1244 841 1310 libenter
863 1243 1076 1309 clarissimum
1100 1243 1202 1308 virum
1226 1244 1386 1327 collegam
1408 1263 1524 1325 meum,
1556 1264 1650 1326 quem
1673 1251 1876 1329 praesentem
1899 1243 2002 1310 habe·

370 1349 426 1414 bat
448 1346 584 1426 occasio,
612 1348 791 1431 praelatum
817 1346 1040 1412 credidissent.
1087 1344 1262 1428 fatigantes
1286 1353 1393 1411 tamen
1414 1347 1501 1429 quod
1525 1347 1753 1413 intellexerant
1779 1347 1997 1429 requirebant.
2021 1368 2034 1407 1

372 1456 424 1515 56.
450 1450 503 1516 bic
526 1458 577 1532 tu,
612 1450 695 1516 sicut
723 1450 803 1515 mihi
826 1449 1041 1515 renuntiatum
1065 1456 1130 1528 est,
1164 1456 1238 1515 noto
1260 1449 1317 1514 illo
1340 1448 1461 1533 pudore
1484 1457 1538 1515 tuo
1561 1451 1726 1535 paulisper
1751 1449 1902 1531 haesisti,
1937 1468 2001 1514 non

370 1553 502 1619 rationis
526 1553 714 1636 ambiguus,
747 1553 804 1618 sed
826 1572 935 1618 eorum
958 1552 1189 1618 dubitationem
1213 1553 1302 1617 vultu
1327 1560 1359 1618 et
1380 1554 1496 1619 rubore
1519 1553 1754 1635 condemnans,
1781 1553 1835 1637 qui
1857 1552 2001 1618 studium

371 1676 463 1722 snum
485 1655 758 1742 interpretationis
781 1675 886 1721 errore
909 1655 1096 1740 palpabant.
1144 1654 1262 1720 deinde
1285 1654 1359 1719 ilico
1382 1654 1571 1721 subdidisti:
1601 1657 1693 1740 ‘qnid
1716 1658 1757 1724 de
1780 1657 1906 1723 dnobus
1925 1677 2002 1723 con-

369 1760 494 1825 sulibus
516 1758 697 1842 designatis
719 1758 883 1840 quaeritis,
910 1758 982 1841 quis
1004 1758 1082 1823 ordo
1106 1758 1147 1822 sit
1170 1757 1441 1842 nuncupationis?
1462 1779 1545 1824 anne
1568 1759 1654 1825 alius
1676 1780 1772 1843 quam
1794 1780 1889 1843 quem
1906 1780 2002 1844 prae-

369 1863 493 1928 fectura
515 1861 712 1927 constitnitl’
752 1865 804 1925 57.
830 1883 848 1925 o
871 1861 999 1927 felicem
1022 1861 1248 1928 verecundiam
1271 1867 1369 1942 tuam,
1396 1861 1449 1927 cui
1471 1861 1537 1927 ista
1558 1862 1723 1948 popularis
1744 1864 1827 1929 ratio
1841 1871 1908 1929 tam
1924 1885 2001 1948 pru-
2022 1881 2052 1922 ιο

369 1965 483 2031 denter
504 1965 656 2031 occurrit!
706 1963 796 2030 scisti
818 1964 924 2045 aliud,
959 1965 1128 2046 Gratiana,
1163 1965 1248 2046 quod
1272 1964 1413 2046 diceres,
1447 1964 1505 2030 sed
1529 1973 1658 2050 propter
1684 1967 1884 2050 quorundam
1907 1987 2002 2033 vere-

370 2069 520 2135 cundiam
543 2068 650 2134 dicere
673 2066 814 2132 noluisti.
863 2067 1053 2150 scopulosus
1075 2067 1129 2133 hic
1150 2068 1230 2132 mibi
1252 2068 1342 2134 locus
1365 2075 1414 2134 est
1445 2075 1478 2134 et
1499 2076 1627 2155 propter
1656 2090 1745 2149 eam,
1779 2090 1876 2153 quam
1906 2091 2001 2135 num-

369 2194 465 2257 quam
488 2171 640 2256 appetivi,
667 2170 801 2254 gloriam
826 2171 1036 2235 recusandus.
1083 2191 1155 2235 cum
1178 2171 1264 2256 prior
1285 2171 1487 2237 renuntiatus
1510 2173 1581 2253 sim,
1608 2173 1688 2238 satis
1712 2181 1762 2238 est
1783 2180 1871 2238 tunm
1889 2181 2002 2239 tenere

368 2275 537 2341 iudicium:
569 2275 760 2358 interpretes
782 2273 888 2338 valete
912 2273 1105 2339 meritorum.
1140 2277 1192 2339 58.
1218 2295 1322 2358 neque
1344 2283 1452 2341 autem
1475 2296 1545 2359 ego,
1574 2277 1791 2342 sacratissime
1812 2276 1996 2361 imperator,

370 2378 403 2443 in
426 2377 515 2444 tenui
536 2377 692 2443 beneficio
714 2376 849 2459 gradum
872 2376 1118 2460 nuncupationis
1141 2378 1328 2461 amplector.
1376 2399 1438 2444 non
1468 2386 1518 2444 est
1544 2378 1625 2444 baec
1647 2380 1751 2462 gloria
1772 2379 1884 2463 ignota
1906 2379 2001 2446 Cice·
2022 2397 2052 2437 ¹⁵

371 2481 451 2547 roni.
496 2484 694 2566 ‘praetorem
710 2480 786 2558 me',
813 2479 928 2563 inquit,
960 2480 1116 2564 ‘populus
1131 2481 1294 2545 Romanus
1309 2481 1445 2565 primum
1462 2481 1546 2562 fecit,
1574 2485 1737 2548 consulem
1753 2481 1920 2567 priorem'.
1960 2502 2001 2548 ex

370 2584 443 2669 ipsa
464 2585 534 2650 eius
557 2583 716 2649 sententia
739 2582 938 2666 intellegitur
960 2583 1247 2648 commendabilius
1271 2583 1302 2649 ei
1317 2583 1421 2649 videri
1438 2583 1524 2669 (uni)
1541 2605 1637 2666 quam
1654 2585 1799 2669 pluribus
1815 2604 1888 2650 esse
1904 2604 2000 2669 prae·

370 2687 525 2772 positum:
558 2687 649 2752 nulla
670 2685 755 2752 enim
778 2693 828 2750 est
854 2685 1004 2767 equidem
1035 2686 1229 2752 contumelia
1258 2686 1410 2770 secundi,
1443 2688 1501 2752 sed
1531 2688 1565 2751 in
1596 2688 1721 2754 dnobus
1750 2687 1855 2772 gloria
1883 2706 2002 2772 magna

371 2789 520 2874 praelati.

457 2893 549 2958 XIII.
576 2896 628 2956 59.
654 2891 831 2957 Alexandri
855 2891 1042 2956 Macedonis
1073 2891 1132 2956 hoe
1155 2891 1268 2956 fertur:
1302 2912 1373 2958 cum
1396 2893 1531 2977 legisset
1560 2894 1635 2959 illos
1664 2914 1776 2960 versus
1798 2893 1996 2975 Homericos,

372 2996 486 3079 quibus
508 2998 644 3061 Hectore
666 3002 858 3079 provocante
882 2994 923 3058 de
946 3014 1060 3060 novem
1091 2993 1243 3075 ducibus,
1278 2995 1333 3076 qui
1363 3015 1474 3060 omnes
1502 3016 1648 3081 pugnare
1679 2997 1866 3082 cupiebant,
1902 3019 2000 3063 unum

371 3099 472 3183 deligi
494 3099 636 3184 placeret
658 3097 752 3163 sortis
775 3103 909 3179 eventu,
942 3097 1070 3181 trepida
1099 3097 1153 3162 ubi
1184 3099 1392 3182 conceptione
1418 3105 1564 3165 votorum
1587 3100 1696 3165 Iovem
1719 3100 1873 3185 optimum
1897 3101 2002 3166 maxi-

371 3224 457 3267 mum
480 3208 565 3268 totus
586 3210 736 3286 precatur
758 3200 936 3282 exercitum,
970 3208 1005 3266 ut
1026 3199 1157 3266 Aiacem
1188 3202 1240 3267 vel
1262 3202 1368 3286 Tydei
1397 3202 1497 3268 filium
1527 3211 1583 3268 aut
1613 3203 1718 3288 ipsum
1748 3223 1857 3286 regem
1886 3203 2000 3268 ditium

371 3305 577 3391 Mycenarum
597 3303 702 3370 sortiri
725 3304 866 3389 patiatur
881 3305 1165 3386 Agamemnonem,
1198 3304 1392 3370 ‘occiderem
1403 3305 1419 3385 ',
1447 3306 1558 3388 inquit,
1590 3305 1698 3371 ‘illum
1721 3304 1775 3389 qui
1798 3326 1849 3372 me
1872 3306 2001 3371 tertium
2022 3326 2035 3364 a

372 3409 597 3474 nominasset’.
638 3412 691 3473 60.
717 3407 1048 3490 omagnanimitatem
1071 3408 1236 3473 fortissimi
1259 3408 1338 3472 viri!
1364 3409 1522 3473 nominari
1537 3408 1620 3474 inter
1636 3429 1751 3474 novem
1775 3409 1887 3475 tertius
1909 3428 2002 3474 recu-

372 3511 481 3594 sabat,
516 3511 571 3576 ubi
602 3517 688 3576 certe
717 3509 863 3595 pluribus
894 3510 1102 3576 antecelleret
1123 3531 1219 3593 quam
1244 3511 1403 3576 subesset.
1451 3520 1571 3594 quanta
1594 3511 1645 3575 hic
1668 3509 1862 3577 verecundia
1883 3530 2003 3593 grava-

372 3622 458 3681 retur
480 3614 636 3699 posterior
658 3613 699 3678 de
723 3612 873 3677 duobus?
917 3620 966 3677 est
988 3613 1071 3678 enim
1095 3612 1129 3677 in
1151 3613 1211 3678 hoc
1233 3634 1365 3679 numero
1387 3614 1509 3679 arduae
1532 3615 1629 3697 plena
1651 3613 1849 3695 dignationis
1872 3613 1999 3679 electio.

372 3738 443 3784 cum
475 3717 638 3782 universis
667 3715 855 3780 mortalibus
885 3714 949 3780 duo
971 3715 1025 3798 qui
1048 3714 1127 3780 fiant
1150 3718 1298 3782 consules
1321 3718 1564 3801 praeferuntur,
1598 3717 1654 3799 qui
1677 3715 1771 3781 alteri
1794 3717 2004 3801 praeponitur

371 3841 436 3886 non
458 3819 524 3902 uni,
551 3820 610 3885 sed
633 3818 781 3884 omnibus
804 3817 991 3883 antefertur.
1040 3821 1092 3882 61.
1119 3829 1289 3904 expectare
1312 3840 1397 3885 nunc
1418 3839 1514 3885 aures
1537 3819 1754 3903 praesentium
1778 3819 1845 3884 scio
1866 3826 1899 3884 et
1921 3819 2003 3884 cmi·
2023 3839 2052 3880 ru

371 3942 448 3988 nere
480 3922 514 3987 in
544 3922 685 3987 omnium
715 3921 804 3986 vultu
835 3920 1004 4002 intellego,
1043 3921 1128 4002 quod
1158 3921 1319 3988 desiderio
1349 3921 1545 4006 concipiatur
1575 3922 1764 3986 animorum.
1818 3920 2005 3987 existimant

372 4024 475 4104 enim,
503 4045 573 4090 cum
597 4045 652 4106 ea,
679 4046 762 4107 quae
785 4022 827 4089 ad
849 4030 958 4106 grates
981 4023 1126 4105 agendas
1149 4026 1367 4107 pertinebant,
1399 4025 1581 4090 summatim
1605 4025 1747 4090 tenuiore
1771 4025 1825 4090 iilo
1848 4025 1932 4092 slent
1953 4025 2004 4091 di-

373 4129 454 4194 citur
481 4127 620 4194 deducta
650 4127 837 4208 libaverim,
871 4127 982 4209 aliqua
1011 4149 1063 4193 me
1093 4127 1190 4192 etiam
1220 4130 1261 4195 de
1289 4129 1467 4193 maiestatis
1495 4135 1571 4194 tuae
1601 4128 1752 4194 laudibus
1783 4128 1903 4194 debere
1925 4149 2000 4214 per-

375 4321 612 4328 ——-——
632 4320 784 4326 -—----

458 4440 518 4489 xil.
541 4438 571 4488 16
590 4438 641 4488 Cle.
664 4441 690 4486 in
709 4439 760 4488 Pla.
785 4439 808 4502 l,
828 4439 843 4487 2
862 4454 902 4488 mc
921 4475 928 4488 .
945 4476 974 4488 ..
995 4448 1131 4502 praetorem
1151 4441 1258 4502 prlmum
1280 4475 1331 4487 ...
1352 4441 1460 4501 populus
1479 4441 1605 4488 Romanus
1624 4442 1730 4488 iaciebat
1776 4441 1791 4488 3
1811 4454 1850 4488 rue
1872 4476 1924 4489 ...
1947 4441 2004 4487 nnl-

373 4540 446 4575 rcrsa
464 4529 551 4574 cletas
571 4561 577 4574 .
594 4560 624 4574 ..
645 4527 750 4586 priorem
770 4526 895 4572 consulem
915 4525 1048 4574 declararit

459 4612 532 4661 xll1.
553 4611 619 4660 411.
642 4611 688 4658 v11
711 4609 758 4658 179
770 4624 806 4671 sq.
917 4609 947 4658 12
967 4612 1025 4659 Hor.
1046 4612 1093 4673 Ep.
1115 4612 1136 4659 Il
1159 4611 1181 4671 1,
1203 4611 1253 4660 225
1272 4615 1344 4660 tenni
1362 4612 1467 4660 deductu
1485 4620 1599 4674 poemata
1617 4614 1657 4660 filo

465 4938 496 4988 14
514 4939 629 4996 intelligo
648 4953 669 4986 ω
692 4937 801 4999 (semper)
913 4935 942 4983 15
961 4897 1072 4995 gadriusi
1092 4936 1113 4982 Τ
1129 4938 1164 4998 (in
1176 4954 1225 4998 mg.
1241 4938 1249 4986 l
1264 4939 1354 5000 radiat)
1461 4940 1617 4987 constantius
1640 4935 1740 5000 dnupt,
1762 4940 1937 4987 constantinus
1955 4943 2000 4988 cet.

460 5026 521 5074 x11.
545 5025 555 5073 1
578 5025 684 5087 lupenso
698 5023 732 5085 M,
747 5025 917 5085 impensocct.
1015 5024 1206 5071 slscltatioueT
1307 5024 1495 5085 liiuterogntus
1510 5024 1559 5071 Tul
1664 5026 1678 5074 1
1698 5027 1782 5073 robore
1800 5025 1906 5086 T(corr.
1920 5023 1967 5085 m¹]

373 5112 558 5174 condempnans
578 5109 606 5157 Μ
709 5108 811 5156 8111110
830 5124 852 5156 ω
967 5109 1065 5157 9111111
1085 5108 1132 5170 llic,
1153 5110 1229 5156 elium
1248 5115 1291 5159 cet.
1315 5110 1336 5156 Ε
1442 5112 1471 5160 10
1491 5103 1597 5174 ddentcr
1618 5113 1638 5157 Τ
1744 5109 1771 5159 11
1793 5110 1955 5172 quorumdam
1977 5108 2004 5155 111

375 5197 406 5246 12
425 5199 587 5261 scrupulosus
611 5193 683 5244 Vcn.⁴
701 5196 771 5254 volgo
793 5195 835 5254 (cs.
859 5194 909 5241 Cic.
930 5193 981 5243 div.
1003 5198 1030 5241 tn
1050 5194 1079 5252 (l.
1098 5195 1166 5244 Caco.
1186 5199 1224 5256 11,
1240 5182 1283 5256 3⁶}
1394 5197 1423 5245 11
1442 5199 1581 5259 intepetrcs
1601 5197 1628 5243 M
1734 5197 1763 5244 15
1782 5210 1843 5244 num
1866 5195 1910 5256 Up.
1932 5195 2003 5256 colpe

375 5283 404 5332 17
425 5285 470 5332 uni
488 5298 535 5332 om.
552 5283 607 5342 aa,
627 5281 685 5329 add.
702 5280 767 5329 Med.
876 5279 906 5328 18
925 5281 992 5327 euim
1011 5296 1058 5328 om.
1076 5278 1148 5345 11χυῖ
1251 5283 1353 5342 quidem
1371 5281 1443 5330 Vua!
1455 5286 1525 5343 volpe
1631 5284 1656 5330 ln
1674 5296 1722 5330 om.
1737 5282 1781 5343 eli,
1803 5296 1834 5330 cx
1850 5281 1916 5331 Med.
1932 5283 2005 5342 noluo

460 5370 533 5418 Xlll.
556 5368 566 5416 1
588 5369 724 5416 homericos
744 5380 833 5415 nerana
851 5380 933 5414 omncs
949 5372 1046 5428 praeter
1067 5367 1119 5427 Tkp
1137 5371 1160 5413 et
1174 5369 1244 5427 uolpo
1349 5368 1363 5416 1
1384 5371 1414 5416 de
1432 5383 1480 5417 om.
1496 5367 1522 5414 lu2
1537 5378 1565 5425 11.
1580 5385 1603 5417 c.
1619 5368 1677 5416 add.
1692 5366 1736 5428 m¹J
1752 5367 1795 5426 ιΕ,
1817 5382 1831 5414 c
1852 5366 1917 5417 ned.
1931 5367 2005 5427 volpe

374 5454 568 5503 occursatione
590 5454 611 5500 Τ
712 5452 808 5501 itiner
831 5451 881 5499 ΤΜ
983 5453 998 5500 5
1019 5455 1170 5501 micenarum
1193 5453 1244 5500 ΤΜ
1346 5457 1426 5503 1011111
1447 5455 1476 5514 Ε,
1497 5456 1578 5502 sortiti
1596 5470 1618 5517 c,
1639 5455 1698 5502 sorti
1716 5458 1762 5501 eet.
1869 5466 2005 5514 ιειωοιιο·

374 5553 431 5588 nem
451 5539 479 5587 M
596 5537 623 5587 11
645 5540 705 5600 quid
724 5538 855 5587 Acidaliae
872 5540 945 5598 volpe
1049 5540 1204 5601 concipiatur
1223 5536 1279 5599 Alpi,
1298 5542 1423 5601 concipiet
1440 5541 1464 5599 lr,
1485 5542 1691 5602 concipianturp
1714 5543 1738 5600 (u
1756 5539 1801 5587 att.
1821 5539 1871 5588 dcl.
1890 5536 1938 5603 ω’)
1956 5540 2003 5591 ut.

375 5625 406 5674 12
425 5631 451 5673 ot
468 5639 510 5673 orc
529 5640 560 5685 ω,
581 5627 695 5673 tenuiore
719 5622 792 5673 Vca.³
896 5628 963 5672 slent
982 5641 1014 5684 ω,
1035 5627 1062 5673 lit
1082 5623 1153 5687 11113,
1174 5630 1202 5672 nt
1223 5624 1286 5674 Med.
1306 5629 1377 5686 volpe
