<?xml version="1.0" encoding="UTF-8"?>
<!DOCTYPE html PUBLIC "-//W3C//DTD XHTML 1.0 Transitional//EN"
    "http://www.w3.org/TR/xhtml1/DTD/xhtml1-transitional.dtd">
<html xmlns="http://www.w3.org/1999/xhtml" xml:lang="en" lang="en">
 <head>
  <title>
</title>
<meta http-equiv="Content-Type" content="text/html;charset=utf-8" />
  <meta name='ocr-system' content='tesseract 3.04.00' />
  <meta name='ocr-capabilities' content='ocr_page ocr_carea ocr_par ocr_line ocrx_word'/>
</head>
<body>
  <div class='ocr_page' id='page_1' title='image "./dmagniavsoniiop00ausogoog_0103.png"; bbox 0 0 4358 6234; ppageno 0'>
   <div class='ocr_carea' id='block_1_1' title="bbox 271 318 1162 392">
    <p class='ocr_par' dir='ltr' id='par_1_1' title="bbox 271 318 1162 392">
     <span class='ocr_line' id='line_1_1' title="bbox 271 318 1162 392; baseline -0.002 -17"><span class='ocrx_word' id='word_1_1' title='bbox 271 330 312 392; x_wconf 84' lang='lat'>30</span> <span class='ocrx_word' id='word_1_2' title='bbox 1009 318 1162 375; x_wconf 78' lang='lat' dir='ltr'>Avsosn</span> 
     </span>
    </p>
   </div>
   <div class='ocr_carea' id='block_1_2' title="bbox 269 508 1945 1626">
    <p class='ocr_par' dir='ltr' id='par_1_2' title="bbox 269 508 1945 1626">
     <span class='ocr_line' id='line_1_2' title="bbox 271 508 1897 596; baseline -0.004 -15"><span class='ocrx_word' id='word_1_3' title='bbox 271 522 473 595; x_wconf 84' lang='lat' dir='ltr'>transcursu,</span> <span class='ocrx_word' id='word_1_4' title='bbox 498 533 595 595; x_wconf 89' lang='lat' dir='ltr'>quam</span> <span class='ocrx_word' id='word_1_5' title='bbox 618 521 668 578; x_wconf 89' lang='lat' dir='ltr'>est</span> <span class='ocrx_word' id='word_1_6' title='bbox 690 510 872 596; x_wconf 82' lang='lat' dir='ltr'>properatio</span> <span class='ocrx_word' id='word_1_7' title='bbox 894 509 994 575; x_wconf 83' lang='lat' dir='ltr'><strong>nostri</strong></span> <span class='ocrx_word' id='word_1_8' title='bbox 1016 509 1187 586; x_wconf 90' lang='lat' dir='ltr'>sermonis,</span> <span class='ocrx_word' id='word_1_9' title='bbox 1214 508 1354 588; x_wconf 81' lang='lat' dir='ltr'><strong>evolvis,</strong></span> <span class='ocrx_word' id='word_1_10' title='bbox 1382 508 1473 574; x_wconf 92' lang='lat' dir='ltr'>nulla</span> <span class='ocrx_word' id='word_1_11' title='bbox 1495 510 1605 593; x_wconf 88' lang='lat' dir='ltr'>requie</span> <span class='ocrx_word' id='word_1_12' title='bbox 1627 510 1700 589; x_wconf 92' lang='lat' dir='ltr'>otii,</span> <span class='ocrx_word' id='word_1_13' title='bbox 1729 531 1771 577; x_wconf 92' lang='lat' dir='ltr'>ne</span> <span class='ocrx_word' id='word_1_14' title='bbox 1792 511 1897 576; x_wconf 90' lang='lat' dir='ltr'>somni</span> 
     </span>
     <span class='ocr_line' id='line_1_3' title="bbox 271 611 1897 701; baseline -0.002 -18"><span class='ocrx_word' id='word_1_15' title='bbox 271 618 400 701; x_wconf 88' lang='lat' dir='ltr'>quidem</span> <span class='ocrx_word' id='word_1_16' title='bbox 429 624 486 682; x_wconf 91' lang='lat' dir='ltr'>aut</span> <span class='ocrx_word' id='word_1_17' title='bbox 514 616 578 682; x_wconf 94' lang='lat' dir='ltr'>cibi</span> <span class='ocrx_word' id='word_1_18' title='bbox 608 618 740 680; x_wconf 89' lang='lat' dir='ltr'>munere</span> <span class='ocrx_word' id='word_1_19' title='bbox 768 614 912 694; x_wconf 90' lang='lat' dir='ltr'>liberali,</span> <span class='ocrx_word' id='word_1_20' title='bbox 943 619 979 677; x_wconf 93' lang='lat' dir='ltr'>ut</span> <span class='ocrx_word' id='word_1_21' title='bbox 1008 613 1133 678; x_wconf 86' lang='lat' dir='ltr'>Gallias</span> <span class='ocrx_word' id='word_1_22' title='bbox 1162 620 1235 678; x_wconf 91' lang='lat' dir='ltr'>tuas</span> <span class='ocrx_word' id='word_1_23' title='bbox 1263 612 1448 697; x_wconf 89' lang='lat' dir='ltr'>inopinatus</span> <span class='ocrx_word' id='word_1_24' title='bbox 1475 611 1634 691; x_wconf 77' lang='lat' dir='ltr'>illustres,</span> <span class='ocrx_word' id='word_1_25' title='bbox 1668 621 1703 678; x_wconf 91' lang='lat' dir='ltr'>ut</span> <span class='ocrx_word' id='word_1_26' title='bbox 1731 615 1897 680; x_wconf 89' lang='lat' dir='ltr'>consulem</span> 
     </span>
     <span class='ocr_line' id='line_1_4' title="bbox 272 716 1892 802; baseline -0.002 -15"><span class='ocrx_word' id='word_1_27' title='bbox 272 731 381 789; x_wconf 81' lang='lat' dir='ltr'>tuum.</span> <span class='ocrx_word' id='word_1_28' title='bbox 407 719 557 802; x_wconf 81' lang='lat' dir='ltr'>quamvis</span> <span class='ocrx_word' id='word_1_29' title='bbox 579 717 798 784; x_wconf 86' lang='lat' dir='ltr'>desideratus.</span> <span class='ocrx_word' id='word_1_30' title='bbox 833 717 1010 802; x_wconf 78' lang='lat' dir='ltr'>anticipes,</span> <span class='ocrx_word' id='word_1_31' title='bbox 1041 721 1076 780; x_wconf 93' lang='lat' dir='ltr'>ut</span> <span class='ocrx_word' id='word_1_32' title='bbox 1097 716 1187 780; x_wconf 89' lang='lat' dir='ltr'>illam</span> <span class='ocrx_word' id='word_1_33' title='bbox 1209 717 1332 801; x_wconf 80' lang='lat' dir='ltr'>ipsam,</span> <span class='ocrx_word' id='word_1_34' title='bbox 1358 736 1442 799; x_wconf 90' lang='lat' dir='ltr'>qnae</span> <span class='ocrx_word' id='word_1_35' title='bbox 1463 736 1561 781; x_wconf 87' lang='lat' dir='ltr'>auras</span> <span class='ocrx_word' id='word_1_36' title='bbox 1583 717 1778 801; x_wconf 87' lang='lat' dir='ltr'>praecedere</span> <span class='ocrx_word' id='word_1_37' title='bbox 1800 719 1892 799; x_wconf 90' lang='lat' dir='ltr'>solet,</span> 
     </span>
     <span class='ocr_line' id='line_1_5' title="bbox 273 818 1945 905; baseline -0.007 -15"><span class='ocrx_word' id='word_1_38' title='bbox 273 825 393 890; x_wconf 83' lang='lat' dir='ltr'>lamam</span> <span class='ocrx_word' id='word_1_39' title='bbox 416 822 521 888; x_wconf 79' lang='lat' dir='ltr'>facias</span> <span class='ocrx_word' id='word_1_40' title='bbox 543 821 730 887; x_wconf 82' lang='lat' dir='ltr'>tardiorem.</span> <span class='ocrx_word' id='word_1_41' title='bbox 777 821 838 886; x_wconf 88' lang='lat' dir='ltr'>boc</span> <span class='ocrx_word' id='word_1_42' title='bbox 860 820 1017 885; x_wconf 76' lang='lat' dir='ltr'>senectuti</span> <span class='ocrx_word' id='word_1_43' title='bbox 1040 840 1144 898; x_wconf 85' lang='lat' dir='ltr'>mese,</span> <span class='ocrx_word' id='word_1_44' title='bbox 1171 819 1231 885; x_wconf 93' lang='lat' dir='ltr'>hoc</span> <span class='ocrx_word' id='word_1_45' title='bbox 1254 819 1366 885; x_wconf 92' lang='lat' dir='ltr'>honori</span> <span class='ocrx_word' id='word_1_46' title='bbox 1387 841 1410 885; x_wconf 93' lang='lat' dir='ltr'>a</span> <span class='ocrx_word' id='word_1_47' title='bbox 1430 825 1463 885; x_wconf 93' lang='lat' dir='ltr'>te</span> <span class='ocrx_word' id='word_1_48' title='bbox 1485 818 1615 885; x_wconf 84' lang='lat' dir='ltr'>datum:</span> <span class='ocrx_word' id='word_1_49' title='bbox 1649 823 1702 885; x_wconf 83' lang='lat'>83.</span> <span class='ocrx_word' id='word_1_50' title='bbox 1727 840 1898 905; x_wconf 89' lang='lat' dir='ltr'>supremus</span> <span class='ocrx_word' id='word_1_51' title='bbox 1916 838 1945 880; x_wconf 82' lang='lat' dir='ltr'>ro</span> 
     </span>
     <span class='ocr_line' id='line_1_6' title="bbox 271 922 1898 1010; baseline -0.002 -18"><span class='ocrx_word' id='word_1_52' title='bbox 271 927 328 992; x_wconf 91' lang='lat' dir='ltr'>ille</span> <span class='ocrx_word' id='word_1_53' title='bbox 350 926 478 1010; x_wconf 92' lang='lat' dir='ltr'>imperii</span> <span class='ocrx_word' id='word_1_54' title='bbox 501 932 533 991; x_wconf 90' lang='lat' dir='ltr'>et</span> <span class='ocrx_word' id='word_1_55' title='bbox 555 923 760 990; x_wconf 88' lang='lat' dir='ltr'>consiliorum</span> <span class='ocrx_word' id='word_1_56' title='bbox 782 932 908 989; x_wconf 89' lang='lat' dir='ltr'>tuomm</span> <span class='ocrx_word' id='word_1_57' title='bbox 930 922 1012 988; x_wconf 89' lang='lat' dir='ltr'>deus</span> <span class='ocrx_word' id='word_1_58' title='bbox 1035 922 1182 988; x_wconf 88' lang='lat' dir='ltr'>conscius</span> <span class='ocrx_word' id='word_1_59' title='bbox 1204 928 1238 987; x_wconf 88' lang='lat' dir='ltr'>et</span> <span class='ocrx_word' id='word_1_60' title='bbox 1258 922 1379 988; x_wconf 85' lang='lat' dir='ltr'>arbiter</span> <span class='ocrx_word' id='word_1_61' title='bbox 1400 928 1433 988; x_wconf 92' lang='lat' dir='ltr'>et</span> <span class='ocrx_word' id='word_1_62' title='bbox 1454 930 1566 988; x_wconf 79' lang='lat' dir='ltr'>auctor</span> <span class='ocrx_word' id='word_1_63' title='bbox 1589 922 1741 1004; x_wconf 80' lang='lat' dir='ltr'>indulsit,</span> <span class='ocrx_word' id='word_1_64' title='bbox 1775 930 1811 989; x_wconf 89' lang='lat' dir='ltr'>nt</span> <span class='ocrx_word' id='word_1_65' title='bbox 1832 925 1898 989; x_wconf 92' lang='lat' dir='ltr'>sel-</span> 
     </span>
     <span class='ocr_line' id='line_1_7' title="bbox 270 1025 1898 1111; baseline -0.002 -15"><span class='ocrx_word' id='word_1_66' title='bbox 270 1032 336 1096; x_wconf 91' lang='lat' dir='ltr'>lam</span> <span class='ocrx_word' id='word_1_67' title='bbox 360 1029 514 1106; x_wconf 89' lang='lat' dir='ltr'>curulem,</span> <span class='ocrx_word' id='word_1_68' title='bbox 539 1026 630 1092; x_wconf 91' lang='lat' dir='ltr'>cuius</span> <span class='ocrx_word' id='word_1_69' title='bbox 653 1026 763 1092; x_wconf 84' lang='lat' dir='ltr'>sedem</span> <span class='ocrx_word' id='word_1_70' title='bbox 786 1025 971 1108; x_wconf 82' lang='lat' dir='ltr'>frequenter</span> <span class='ocrx_word' id='word_1_71' title='bbox 992 1026 1132 1106; x_wconf 88' lang='lat' dir='ltr'>ornabis,</span> <span class='ocrx_word' id='word_1_72' title='bbox 1159 1032 1195 1091; x_wconf 91' lang='lat' dir='ltr'>ut</span> <span class='ocrx_word' id='word_1_73' title='bbox 1216 1032 1415 1110; x_wconf 83' lang='lat' dir='ltr'>praetextam</span> <span class='ocrx_word' id='word_1_74' title='bbox 1436 1047 1543 1092; x_wconf 89' lang='lat' dir='ltr'>meam</span> <span class='ocrx_word' id='word_1_75' title='bbox 1559 1046 1720 1111; x_wconf 88' lang='lat' dir='ltr'>purpurae</span> <span class='ocrx_word' id='word_1_76' title='bbox 1734 1033 1810 1093; x_wconf 88' lang='lat' dir='ltr'>tuae</span> <span class='ocrx_word' id='word_1_77' title='bbox 1826 1027 1898 1092; x_wconf 90' lang='lat' dir='ltr'>luce</span> 
     </span>
     <span class='ocr_line' id='line_1_8' title="bbox 271 1116 1899 1214; baseline -0.003 -15"><span class='ocrx_word' id='word_1_78' title='bbox 271 1134 425 1211; x_wconf 82' lang='lat' dir='ltr'>fucatum,</span> <span class='ocrx_word' id='word_1_79' title='bbox 452 1137 487 1195; x_wconf 91' lang='lat' dir='ltr'>ut</span> <span class='ocrx_word' id='word_1_80' title='bbox 508 1130 653 1195; x_wconf 88' lang='lat' dir='ltr'>trabeam</span> <span class='ocrx_word' id='word_1_81' title='bbox 676 1150 741 1195; x_wconf 91' lang='lat' dir='ltr'>non</span> <span class='ocrx_word' id='word_1_82' title='bbox 763 1130 870 1214; x_wconf 84' lang='lat' dir='ltr'>magis</span> <span class='ocrx_word' id='word_1_83' title='bbox 892 1151 970 1195; x_wconf 90' lang='lat' dir='ltr'>auro</span> <span class='ocrx_word' id='word_1_84' title='bbox 993 1149 1051 1194; x_wconf 90' lang='lat' dir='ltr'>suo</span> <span class='ocrx_word' id='word_1_85' title='bbox 1073 1149 1170 1211; x_wconf 87' lang='lat' dir='ltr'>quam</span> <span class='ocrx_word' id='word_1_86' title='bbox 1193 1116 1325 1194; x_wconf 86' lang='lat' dir='ltr'>munere</span> <span class='ocrx_word' id='word_1_87' title='bbox 1341 1136 1395 1195; x_wconf 93' lang='lat' dir='ltr'>tuo</span> <span class='ocrx_word' id='word_1_88' title='bbox 1410 1129 1629 1214; x_wconf 82' lang='lat' dir='ltr'>splendidam,</span> <span class='ocrx_word' id='word_1_89' title='bbox 1654 1150 1738 1212; x_wconf 85' lang='lat' dir='ltr'>quae</span> <span class='ocrx_word' id='word_1_90' title='bbox 1759 1131 1801 1195; x_wconf 90' lang='lat' dir='ltr'>ab</span> <span class='ocrx_word' id='word_1_91' title='bbox 1816 1129 1899 1214; x_wconf 90' lang='lat' dir='ltr'>Illy-</span> 
     </span>
     <span class='ocr_line' id='line_1_9' title="bbox 271 1231 1899 1316; baseline -0.003 -14"><span class='ocrx_word' id='word_1_92' title='bbox 271 1237 336 1302; x_wconf 90' lang='lat' dir='ltr'>rico</span> <span class='ocrx_word' id='word_1_93' title='bbox 359 1233 517 1300; x_wconf 90' lang='lat' dir='ltr'>sermonis</span> <span class='ocrx_word' id='word_1_94' title='bbox 539 1232 682 1316; x_wconf 84' lang='lat' dir='ltr'>dignitas</span> <span class='ocrx_word' id='word_1_95' title='bbox 704 1232 905 1311; x_wconf 74' lang='lat' dir='ltr'>honestasit,</span> <span class='ocrx_word' id='word_1_96' title='bbox 936 1231 1025 1316; x_wconf 90' lang='lat' dir='ltr'>apud</span> <span class='ocrx_word' id='word_1_97' title='bbox 1048 1231 1175 1296; x_wconf 82' lang='lat' dir='ltr'>Gallias</span> <span class='ocrx_word' id='word_1_98' title='bbox 1198 1232 1374 1297; x_wconf 88' lang='lat' dir='ltr'>illustriora</span> <span class='ocrx_word' id='word_1_99' title='bbox 1403 1240 1605 1316; x_wconf 87' lang='lat' dir='ltr'>praestares,</span> <span class='ocrx_word' id='word_1_100' title='bbox 1637 1241 1839 1316; x_wconf 86' lang='lat' dir='ltr'>quaestorem</span> <span class='ocrx_word' id='word_1_101' title='bbox 1863 1239 1899 1298; x_wconf 91' lang='lat' dir='ltr'>ut</span> 
     </span>
     <span class='ocr_line' id='line_1_10' title="bbox 269 1335 1944 1422; baseline -0.007 -17"><span class='ocrx_word' id='word_1_102' title='bbox 269 1347 370 1406; x_wconf 80' lang='lat' dir='ltr'>tuum.</span> <span class='ocrx_word' id='word_1_103' title='bbox 396 1336 592 1422; x_wconf 87' lang='lat' dir='ltr'>praefectum</span> <span class='ocrx_word' id='word_1_104' title='bbox 616 1341 652 1399; x_wconf 90' lang='lat' dir='ltr'>ut</span> <span class='ocrx_word' id='word_1_105' title='bbox 674 1343 729 1400; x_wconf 90' lang='lat' dir='ltr'>tuo</span> <span class='ocrx_word' id='word_1_106' title='bbox 752 1335 924 1419; x_wconf 88' lang='lat' dir='ltr'>praetorio,</span> <span class='ocrx_word' id='word_1_107' title='bbox 951 1335 1114 1400; x_wconf 90' lang='lat' dir='ltr'>consulem</span> <span class='ocrx_word' id='word_1_108' title='bbox 1137 1342 1227 1400; x_wconf 91' lang='lat' dir='ltr'>tuum</span> <span class='ocrx_word' id='word_1_109' title='bbox 1249 1341 1293 1415; x_wconf 91' lang='lat' dir='ltr'>et,</span> <span class='ocrx_word' id='word_1_110' title='bbox 1319 1336 1405 1418; x_wconf 87' lang='lat' dir='ltr'>quod</span> <span class='ocrx_word' id='word_1_111' title='bbox 1427 1336 1535 1401; x_wconf 89' lang='lat' dir='ltr'>adbuc</span> <span class='ocrx_word' id='word_1_112' title='bbox 1556 1335 1679 1401; x_wconf 90' lang='lat' dir='ltr'>eunctis</span> <span class='ocrx_word' id='word_1_113' title='bbox 1697 1335 1779 1402; x_wconf 87' lang='lat' dir='ltr'>meis</span> <span class='ocrx_word' id='word_1_114' title='bbox 1792 1336 1897 1400; x_wconf 88' lang='lat' dir='ltr'>nomi·</span> <span class='ocrx_word' id='word_1_115' title='bbox 1916 1354 1944 1395; x_wconf 71' lang='grc' dir='ltr'>ιι</span> 
     </span>
     <span class='ocr_line' id='line_1_11' title="bbox 270 1437 1897 1525; baseline -0.001 -19"><span class='ocrx_word' id='word_1_116' title='bbox 270 1442 365 1506; x_wconf 92' lang='lat' dir='ltr'>nibus</span> <span class='ocrx_word' id='word_1_117' title='bbox 387 1440 568 1525; x_wconf 82' lang='lat' dir='ltr'>anteponis,</span> <span class='ocrx_word' id='word_1_118' title='bbox 594 1445 835 1524; x_wconf 81' lang='lat' dir='ltr'>praeceptorem</span> <span class='ocrx_word' id='word_1_119' title='bbox 857 1446 958 1519; x_wconf 83' lang='lat' dir='ltr'>tuum,</span> <span class='ocrx_word' id='word_1_120' title='bbox 985 1459 1080 1521; x_wconf 90' lang='lat' dir='ltr'>quem</span> <span class='ocrx_word' id='word_1_121' title='bbox 1102 1438 1159 1523; x_wconf 89' lang='lat' dir='ltr'>pia</span> <span class='ocrx_word' id='word_1_122' title='bbox 1180 1457 1259 1503; x_wconf 81' lang='lat' dir='ltr'>voce</span> <span class='ocrx_word' id='word_1_123' title='bbox 1282 1437 1520 1520; x_wconf 84' lang='lat' dir='ltr'>declaraveras,</span> <span class='ocrx_word' id='word_1_124' title='bbox 1549 1439 1636 1505; x_wconf 90' lang='lat' dir='ltr'>iusta</span> <span class='ocrx_word' id='word_1_125' title='bbox 1656 1438 1780 1504; x_wconf 91' lang='lat' dir='ltr'>ratione</span> <span class='ocrx_word' id='word_1_126' title='bbox 1802 1458 1897 1523; x_wconf 76' lang='lat' dir='ltr'>prae</span> 
     </span>
     <span class='ocr_line' id='line_1_12' title="bbox 269 1541 1717 1626; baseline -0.002 -17"><span class='ocrx_word' id='word_1_127' title='bbox 269 1545 402 1610; x_wconf 86' lang='lat' dir='ltr'>tuleras.</span> <span class='ocrx_word' id='word_1_128' title='bbox 428 1544 558 1610; x_wconf 88' lang='lat' dir='ltr'>liberali</span> <span class='ocrx_word' id='word_1_129' title='bbox 579 1543 730 1626; x_wconf 89' lang='lat' dir='ltr'>largitate</span> <span class='ocrx_word' id='word_1_130' title='bbox 752 1541 926 1623; x_wconf 79' lang='lat' dir='ltr'>ditaveras,</span> <span class='ocrx_word' id='word_1_131' title='bbox 952 1541 1122 1623; x_wconf 83' lang='lat' dir='ltr'>Augustae</span> <span class='ocrx_word' id='word_1_132' title='bbox 1143 1541 1341 1625; x_wconf 82' lang='lat' dir='ltr'>dignationis</span> <span class='ocrx_word' id='word_1_133' title='bbox 1362 1541 1486 1608; x_wconf 83' lang='lat' dir='ltr'>officiis·</span> <span class='ocrx_word' id='word_1_134' title='bbox 1501 1561 1717 1608; x_wconf 88' lang='lat' dir='ltr'>consecrares.</span> 
     </span>
    </p>
   </div>
   <div class='ocr_carea' id='block_1_3' title="bbox 928 1752 1236 1760">
    <p class='ocr_par' dir='ltr' id='par_1_3' title="bbox 928 1752 1236 1760">
     <span class='ocr_line' id='line_1_13' title="bbox 928 1752 1236 1760; baseline -0.003 -1"><span class='ocrx_word' id='word_1_135' title='bbox 928 1752 1236 1760; x_wconf 78' lang='lat'>——-——.—</span> 
     </span>
    </p>
   </div>
   <div class='ocr_carea' id='block_1_4' title="bbox 499 1945 1668 2050">
    <p class='ocr_par' dir='ltr' id='par_1_4' title="bbox 499 1945 1668 2050">
     <span class='ocr_line' id='line_1_14' title="bbox 499 1945 1668 2050; baseline 0.001 -6"><span class='ocrx_word' id='word_1_136' title='bbox 499 1948 636 2044; x_wconf 82' lang='lat' dir='ltr'>lllll.</span> <span class='ocrx_word' id='word_1_137' title='bbox 672 1946 886 2044; x_wconf 72' lang='lat' dir='ltr'>VERSl&#39;S</span> <span class='ocrx_word' id='word_1_138' title='bbox 918 1946 1238 2045; x_wconf 69' lang='lat' dir='ltr'>PASCHALES</span> <span class='ocrx_word' id='word_1_139' title='bbox 1275 1945 1478 2050; x_wconf 80' lang='lat' dir='ltr'>lPROCO</span> <span class='ocrx_word' id='word_1_140' title='bbox 1510 1949 1668 2046; x_wconf 72' lang='lat' dir='ltr'>breul.</span> 
     </span>
    </p>
   </div>
   <div class='ocr_carea' id='block_1_5' title="bbox 602 2159 1895 2349">
    <p class='ocr_par' dir='ltr' id='par_1_5' title="bbox 602 2159 1895 2349">
     <span class='ocr_line' id='line_1_15' title="bbox 602 2159 1895 2243; baseline 0.002 -18"><span class='ocrx_word' id='word_1_141' title='bbox 602 2161 722 2226; x_wconf 87' lang='lat' dir='ltr'>Sancta</span> <span class='ocrx_word' id='word_1_142' title='bbox 745 2160 905 2226; x_wconf 78' lang='lat' dir='ltr'>salutiferi</span> <span class='ocrx_word' id='word_1_143' title='bbox 927 2159 1063 2224; x_wconf 89' lang='lat' dir='ltr'>redeunt</span> <span class='ocrx_word' id='word_1_144' title='bbox 1084 2161 1255 2226; x_wconf 88' lang='lat' dir='ltr'>sollemnia</span> <span class='ocrx_word' id='word_1_145' title='bbox 1277 2160 1397 2226; x_wconf 82' lang='lat' dir='ltr'>Christi</span> <span class='ocrx_word' id='word_1_146' title='bbox 1687 2182 1737 2231; x_wconf 73' lang='lat'>317</span> <span class='ocrx_word' id='word_1_147' title='bbox 1760 2181 1853 2242; x_wconf 68' lang='lat' dir='ltr'>(myst.</span> <span class='ocrx_word' id='word_1_148' title='bbox 1875 2183 1895 2243; x_wconf 81' lang='lat' dir='ltr'>q</span> 
     </span>
     <span class='ocr_line' id='line_1_16' title="bbox 603 2262 1895 2349; baseline -0.005 -19"><span class='ocrx_word' id='word_1_149' title='bbox 603 2272 635 2330; x_wconf 90' lang='lat' dir='ltr'>et</span> <span class='ocrx_word' id='word_1_150' title='bbox 657 2263 774 2329; x_wconf 77' lang='lat' dir='ltr'>deuota</span> <span class='ocrx_word' id='word_1_151' title='bbox 796 2263 842 2349; x_wconf 92' lang='lat' dir='ltr'>pii</span> <span class='ocrx_word' id='word_1_152' title='bbox 864 2262 1032 2329; x_wconf 87' lang='lat' dir='ltr'>celebrant</span> <span class='ocrx_word' id='word_1_153' title='bbox 1051 2262 1174 2328; x_wconf 88' lang='lat' dir='ltr'>ieiunia</span> <span class='ocrx_word' id='word_1_154' title='bbox 1196 2272 1333 2347; x_wconf 67' lang='lat' dir='ltr'>mpstae.</span> <span class='ocrx_word' id='word_1_155' title='bbox 1807 2267 1895 2327; x_wconf 71' lang='lat' dir='ltr'>tt&#39;Pot</span> 
     </span>
    </p>
   </div>
   <div class='ocr_carea' id='block_1_6' title="bbox 519 2366 1582 4206">
    <p class='ocr_par' dir='ltr' id='par_1_6' title="bbox 601 2366 1577 2763">
     <span class='ocr_line' id='line_1_17' title="bbox 603 2366 1413 2451; baseline 0.001 -19"><span class='ocrx_word' id='word_1_156' title='bbox 603 2375 637 2432; x_wconf 89' lang='lat' dir='ltr'>at</span> <span class='ocrx_word' id='word_1_157' title='bbox 659 2388 718 2432; x_wconf 92' lang='lat' dir='ltr'>nos</span> <span class='ocrx_word' id='word_1_158' title='bbox 739 2373 906 2433; x_wconf 85' lang='lat' dir='ltr'>aeternum</span> <span class='ocrx_word' id='word_1_159' title='bbox 929 2366 1118 2432; x_wconf 88' lang='lat' dir='ltr'>cohibentes</span> <span class='ocrx_word' id='word_1_160' title='bbox 1141 2375 1270 2451; x_wconf 87' lang='lat' dir='ltr'>pectore</span> <span class='ocrx_word' id='word_1_161' title='bbox 1293 2369 1413 2433; x_wconf 90' lang='lat' dir='ltr'>cultum</span> 
     </span>
     <span class='ocr_line' id='line_1_18' title="bbox 601 2469 1384 2537; baseline -0.001 0"><span class='ocrx_word' id='word_1_162' title='bbox 601 2472 861 2537; x_wconf 86' lang='lat' dir='ltr'>intemeratorum</span> <span class='ocrx_word' id='word_1_163' title='bbox 884 2470 946 2534; x_wconf 78' lang='lat' dir='ltr'>vim</span> <span class='ocrx_word' id='word_1_164' title='bbox 971 2469 1195 2536; x_wconf 83' lang='lat' dir='ltr'>continuamus</span> <span class='ocrx_word' id='word_1_165' title='bbox 1218 2470 1384 2537; x_wconf 87' lang='lat' dir='ltr'>bonorum.</span> 
     </span>
     <span class='ocr_line' id='line_1_19' title="bbox 602 2572 1393 2656; baseline 0 -17"><span class='ocrx_word' id='word_1_166' title='bbox 602 2595 710 2640; x_wconf 77' lang='lat' dir='ltr'>annua</span> <span class='ocrx_word' id='word_1_167' title='bbox 732 2594 809 2639; x_wconf 91' lang='lat' dir='ltr'>cura</span> <span class='ocrx_word' id='word_1_168' title='bbox 832 2573 951 2653; x_wconf 82' lang='lat' dir='ltr'>saeris,</span> <span class='ocrx_word' id='word_1_169' title='bbox 976 2572 1063 2656; x_wconf 91' lang='lat' dir='ltr'>iugis</span> <span class='ocrx_word' id='word_1_170' title='bbox 1086 2574 1266 2639; x_wconf 76' lang='lat' dir='ltr'>reverentis</span> <span class='ocrx_word' id='word_1_171' title='bbox 1288 2574 1393 2640; x_wconf 91' lang='lat' dir='ltr'>nobis.</span> 
     </span>
     <span class='ocr_line' id='line_1_20' title="bbox 689 2676 1577 2763; baseline 0.005 -22"><span class='ocrx_word' id='word_1_172' title='bbox 689 2678 807 2761; x_wconf 77' lang='lat' dir='ltr'>blagne</span> <span class='ocrx_word' id='word_1_173' title='bbox 829 2681 923 2762; x_wconf 89' lang='lat' dir='ltr'>pater</span> <span class='ocrx_word' id='word_1_174' title='bbox 942 2697 1063 2743; x_wconf 83' lang='lat' dir='ltr'>rerum.</span> <span class='ocrx_word' id='word_1_175' title='bbox 1090 2676 1142 2742; x_wconf 90' lang='lat' dir='ltr'>cui</span> <span class='ocrx_word' id='word_1_176' title='bbox 1163 2684 1249 2742; x_wconf 87' lang='lat' dir='ltr'>terra</span> <span class='ocrx_word' id='word_1_177' title='bbox 1270 2684 1303 2743; x_wconf 92' lang='lat' dir='ltr'>et</span> <span class='ocrx_word' id='word_1_178' title='bbox 1325 2686 1442 2763; x_wconf 91' lang='lat' dir='ltr'>pontus</span> <span class='ocrx_word' id='word_1_179' title='bbox 1464 2688 1496 2744; x_wconf 87' lang='lat' dir='ltr'>et</span> <span class='ocrx_word' id='word_1_180' title='bbox 1519 2687 1577 2745; x_wconf 73' lang='lat' dir='ltr'>ae&#39;r</span> 
     </span>
    </p>

    <p class='ocr_par' dir='ltr' id='par_1_7' title="bbox 601 2779 1582 3898">
     <span class='ocr_line' id='line_1_21' title="bbox 602 2779 1435 2865; baseline 0.001 -19"><span class='ocrx_word' id='word_1_181' title='bbox 602 2788 787 2864; x_wconf 83' lang='lat' dir='ltr'>tartaraque</span> <span class='ocrx_word' id='word_1_182' title='bbox 810 2788 842 2845; x_wconf 85' lang='lat' dir='ltr'>et</span> <span class='ocrx_word' id='word_1_183' title='bbox 864 2779 941 2865; x_wconf 90' lang='lat' dir='ltr'>picti</span> <span class='ocrx_word' id='word_1_184' title='bbox 963 2781 1064 2845; x_wconf 81' lang='lat' dir='ltr'>servit</span> <span class='ocrx_word' id='word_1_185' title='bbox 1084 2781 1183 2864; x_wconf 83' lang='lat' dir='ltr'>plaga</span> <span class='ocrx_word' id='word_1_186' title='bbox 1205 2781 1310 2847; x_wconf 87' lang='lat' dir='ltr'>lactea</span> <span class='ocrx_word' id='word_1_187' title='bbox 1334 2783 1435 2861; x_wconf 74' lang='lat' dir='ltr'>caeli,</span> 
     </span>
     <span class='ocr_line' id='line_1_22' title="bbox 603 2881 1574 2967; baseline 0.002 -19"><span class='ocrx_word' id='word_1_188' title='bbox 603 2884 698 2949; x_wconf 78' lang='lat' dir='ltr'>noxia</span> <span class='ocrx_word' id='word_1_189' title='bbox 720 2904 815 2967; x_wconf 91' lang='lat' dir='ltr'>quem</span> <span class='ocrx_word' id='word_1_190' title='bbox 839 2883 996 2949; x_wconf 87' lang='lat' dir='ltr'>scelerum</span> <span class='ocrx_word' id='word_1_191' title='bbox 1019 2881 1125 2967; x_wconf 91' lang='lat' dir='ltr'>plebis</span> <span class='ocrx_word' id='word_1_192' title='bbox 1146 2883 1255 2948; x_wconf 87' lang='lat' dir='ltr'>tremit</span> <span class='ocrx_word' id='word_1_193' title='bbox 1275 2885 1426 2967; x_wconf 90' lang='lat' dir='ltr'>almaque</span> <span class='ocrx_word' id='word_1_194' title='bbox 1448 2904 1574 2950; x_wconf 88' lang='lat' dir='ltr'>russum</span> 
     </span>
     <span class='ocr_line' id='line_1_23' title="bbox 602 2985 1394 3071; baseline -0.005 -17"><span class='ocrx_word' id='word_1_195' title='bbox 602 2988 806 3053; x_wconf 78' lang='lat' dir='ltr'>concelebret</span> <span class='ocrx_word' id='word_1_196' title='bbox 827 2986 911 3051; x_wconf 79' lang='lat' dir='ltr'>rotis</span> <span class='ocrx_word' id='word_1_197' title='bbox 932 2985 1114 3051; x_wconf 86' lang='lat' dir='ltr'>animarum</span> <span class='ocrx_word' id='word_1_198' title='bbox 1136 2986 1231 3050; x_wconf 89' lang='lat' dir='ltr'>turba</span> <span class='ocrx_word' id='word_1_199' title='bbox 1252 2986 1394 3071; x_wconf 92' lang='lat' dir='ltr'>piarum:</span> 
     </span>
     <span class='ocr_line' id='line_1_24' title="bbox 601 3088 1507 3173; baseline 0 -17"><span class='ocrx_word' id='word_1_200' title='bbox 601 3098 637 3156; x_wconf 93' lang='lat' dir='ltr'>tu</span> <span class='ocrx_word' id='word_1_201' title='bbox 660 3091 766 3156; x_wconf 77' lang='lat' dir='ltr'>brevis</span> <span class='ocrx_word' id='word_1_202' title='bbox 788 3088 874 3154; x_wconf 88' lang='lat' dir='ltr'>bunc</span> <span class='ocrx_word' id='word_1_203' title='bbox 894 3089 969 3154; x_wconf 78' lang='lat' dir='ltr'>aeti</span> <span class='ocrx_word' id='word_1_204' title='bbox 990 3108 1117 3154; x_wconf 88' lang='lat' dir='ltr'>cursum</span> <span class='ocrx_word' id='word_1_205' title='bbox 1140 3089 1341 3173; x_wconf 85' lang='lat' dir='ltr'>celeremque</span> <span class='ocrx_word' id='word_1_206' title='bbox 1364 3091 1507 3156; x_wconf 88' lang='lat' dir='ltr'>caducae</span> 
     </span>
     <span class='ocr_line' id='line_1_25' title="bbox 602 3191 1451 3258; baseline -0.002 0"><span class='ocrx_word' id='word_1_207' title='bbox 602 3194 698 3258; x_wconf 85' lang='lat' dir='ltr'>finem</span> <span class='ocrx_word' id='word_1_208' title='bbox 720 3192 849 3258; x_wconf 86' lang='lat' dir='ltr'>animae</span> <span class='ocrx_word' id='word_1_209' title='bbox 871 3191 1003 3257; x_wconf 92' lang='lat' dir='ltr'>redimis</span> <span class='ocrx_word' id='word_1_210' title='bbox 1025 3198 1177 3258; x_wconf 88' lang='lat' dir='ltr'>aeternae</span> <span class='ocrx_word' id='word_1_211' title='bbox 1199 3211 1330 3257; x_wconf 91' lang='lat' dir='ltr'>munere</span> <span class='ocrx_word' id='word_1_212' title='bbox 1353 3193 1451 3258; x_wconf 77' lang='lat' dir='ltr'>ritae.</span> 
     </span>
     <span class='ocr_line' id='line_1_26' title="bbox 602 3295 1440 3380; baseline -0.002 -17"><span class='ocrx_word' id='word_1_213' title='bbox 602 3304 636 3363; x_wconf 87' lang='lat' dir='ltr'>tu</span> <span class='ocrx_word' id='word_1_214' title='bbox 659 3297 754 3362; x_wconf 86' lang='lat' dir='ltr'>mites</span> <span class='ocrx_word' id='word_1_215' title='bbox 776 3297 886 3380; x_wconf 89' lang='lat' dir='ltr'>legum</span> <span class='ocrx_word' id='word_1_216' title='bbox 908 3295 1047 3360; x_wconf 87' lang='lat' dir='ltr'>monitus</span> <span class='ocrx_word' id='word_1_217' title='bbox 1071 3314 1244 3378; x_wconf 89' lang='lat' dir='ltr'>sacrosque</span> <span class='ocrx_word' id='word_1_218' title='bbox 1266 3296 1440 3380; x_wconf 85' lang='lat' dir='ltr'>propbetas</span> 
     </span>
     <span class='ocr_line' id='line_1_27' title="bbox 602 3398 1416 3484; baseline 0.001 -19"><span class='ocrx_word' id='word_1_219' title='bbox 602 3402 743 3465; x_wconf 84' lang='lat' dir='ltr'>hnmano</span> <span class='ocrx_word' id='word_1_220' title='bbox 764 3398 912 3484; x_wconf 89' lang='lat' dir='ltr'>impertis</span> <span class='ocrx_word' id='word_1_221' title='bbox 933 3398 1044 3482; x_wconf 79' lang='lat' dir='ltr'>generi</span> <span class='ocrx_word' id='word_1_222' title='bbox 1067 3417 1243 3482; x_wconf 80' lang='lat' dir='ltr'>serrasque</span> <span class='ocrx_word' id='word_1_223' title='bbox 1264 3406 1416 3483; x_wconf 82' lang='lat' dir='ltr'>nepotes.</span> 
     </span>
     <span class='ocr_line' id='line_1_28' title="bbox 602 3501 1507 3588; baseline -0.001 -19"><span class='ocrx_word' id='word_1_224' title='bbox 602 3504 772 3588; x_wconf 86' lang='lat' dir='ltr'>deceptum</span> <span class='ocrx_word' id='word_1_225' title='bbox 795 3502 966 3567; x_wconf 81' lang='lat' dir='ltr'>miseratus</span> <span class='ocrx_word' id='word_1_226' title='bbox 989 3501 1111 3569; x_wconf 78' lang='lat' dir='ltr'>Adam,</span> <span class='ocrx_word' id='word_1_227' title='bbox 1136 3522 1231 3585; x_wconf 88' lang='lat' dir='ltr'>quem</span> <span class='ocrx_word' id='word_1_228' title='bbox 1255 3508 1351 3586; x_wconf 87' lang='lat' dir='ltr'>capta</span> <span class='ocrx_word' id='word_1_229' title='bbox 1372 3503 1507 3569; x_wconf 76' lang='lat' dir='ltr'>venenis</span> 
     </span>
     <span class='ocr_line' id='line_1_29' title="bbox 602 3605 1343 3691; baseline -0.003 -20"><span class='ocrx_word' id='word_1_230' title='bbox 602 3606 761 3691; x_wconf 89' lang='lat' dir='ltr'>implicuit</span> <span class='ocrx_word' id='word_1_231' title='bbox 782 3606 905 3671; x_wconf 86' lang='lat' dir='ltr'>socium</span> <span class='ocrx_word' id='word_1_232' title='bbox 927 3605 1057 3670; x_wconf 89' lang='lat' dir='ltr'>blandis</span> <span class='ocrx_word' id='word_1_233' title='bbox 1078 3605 1240 3670; x_wconf 86' lang='lat' dir='ltr'>erroribus</span> <span class='ocrx_word' id='word_1_234' title='bbox 1262 3606 1343 3670; x_wconf 78' lang='lat' dir='ltr'>Era.</span> 
     </span>
     <span class='ocr_line' id='line_1_30' title="bbox 602 3709 1582 3793; baseline -0.001 -18"><span class='ocrx_word' id='word_1_235' title='bbox 602 3720 637 3775; x_wconf 91' lang='lat' dir='ltr'>tu</span> <span class='ocrx_word' id='word_1_236' title='bbox 660 3709 808 3774; x_wconf 77' lang='lat' dir='ltr'>verbum.</span> <span class='ocrx_word' id='word_1_237' title='bbox 835 3718 927 3793; x_wconf 85' lang='lat' dir='ltr'>pater</span> <span class='ocrx_word' id='word_1_238' title='bbox 948 3709 1052 3775; x_wconf 81' lang='lat' dir='ltr'>elme.</span> <span class='ocrx_word' id='word_1_239' title='bbox 1077 3716 1184 3775; x_wconf 83' lang='lat' dir='ltr'>tuum.</span> <span class='ocrx_word' id='word_1_240' title='bbox 1211 3718 1385 3792; x_wconf 87' lang='lat' dir='ltr'>natumque</span> <span class='ocrx_word' id='word_1_241' title='bbox 1406 3709 1582 3792; x_wconf 82' lang='lat' dir='ltr'>deumque.</span> 
     </span>
     <span class='ocr_line' id='line_1_31' title="bbox 602 3810 1427 3898; baseline -0.001 -21"><span class='ocrx_word' id='word_1_242' title='bbox 602 3810 754 3878; x_wconf 87' lang='lat' dir='ltr'>concedis</span> <span class='ocrx_word' id='word_1_243' title='bbox 776 3811 869 3876; x_wconf 88' lang='lat' dir='ltr'>terris</span> <span class='ocrx_word' id='word_1_244' title='bbox 890 3820 991 3877; x_wconf 89' lang='lat' dir='ltr'>totum</span> <span class='ocrx_word' id='word_1_245' title='bbox 1013 3811 1215 3895; x_wconf 84' lang='lat' dir='ltr'>similemque</span> <span class='ocrx_word' id='word_1_246' title='bbox 1237 3832 1427 3898; x_wconf 86' lang='lat' dir='ltr'>paremque.</span> 
     </span>
    </p>

    <p class='ocr_par' dir='ltr' id='par_1_8' title="bbox 536 3913 1400 4085">
     <span class='ocr_line' id='line_1_32' title="bbox 536 3913 1389 3997; baseline -0.001 -17"><span class='ocrx_word' id='word_1_247' title='bbox 536 3955 539 3962; x_wconf 94' lang='lat'>·</span> <span class='ocrx_word' id='word_1_248' title='bbox 602 3935 643 3980; x_wconf 83' lang='lat' dir='ltr'>ex</span> <span class='ocrx_word' id='word_1_249' title='bbox 667 3934 743 3979; x_wconf 80' lang='lat' dir='ltr'>vcro</span> <span class='ocrx_word' id='word_1_250' title='bbox 764 3934 874 3979; x_wconf 76' lang='lat' dir='ltr'>verum</span> <span class='ocrx_word' id='word_1_251' title='bbox 896 3913 1036 3997; x_wconf 74' lang='lat' dir='ltr'>vivaque</span> <span class='ocrx_word' id='word_1_252' title='bbox 1058 3914 1101 3979; x_wconf 90' lang='lat' dir='ltr'>ab</span> <span class='ocrx_word' id='word_1_253' title='bbox 1123 3914 1247 3997; x_wconf 88' lang='lat' dir='ltr'>origine</span> <span class='ocrx_word' id='word_1_254' title='bbox 1269 3914 1389 3979; x_wconf 76' lang='lat' dir='ltr'>risum.</span> 
     </span>
     <span class='ocr_line' id='line_1_33' title="bbox 603 4016 1400 4085; baseline 0.003 -3"><span class='ocrx_word' id='word_1_255' title='bbox 603 4017 659 4082; x_wconf 88' lang='lat' dir='ltr'>ille</span> <span class='ocrx_word' id='word_1_256' title='bbox 681 4018 746 4082; x_wconf 89' lang='lat' dir='ltr'>tuis</span> <span class='ocrx_word' id='word_1_257' title='bbox 768 4016 881 4082; x_wconf 89' lang='lat' dir='ltr'>doetus</span> <span class='ocrx_word' id='word_1_258' title='bbox 903 4016 1032 4082; x_wconf 89' lang='lat' dir='ltr'>monitis</span> <span class='ocrx_word' id='word_1_259' title='bbox 1055 4017 1116 4082; x_wconf 90' lang='lat' dir='ltr'>boc</span> <span class='ocrx_word' id='word_1_260' title='bbox 1136 4016 1263 4083; x_wconf 85' lang='lat' dir='ltr'>addidit</span> <span class='ocrx_word' id='word_1_261' title='bbox 1284 4038 1400 4085; x_wconf 90' lang='lat' dir='ltr'>unum.</span> 
     </span>
    </p>

    <p class='ocr_par' dir='ltr' id='par_1_9' title="bbox 519 4120 1433 4206">
     <span class='ocr_line' id='line_1_34' title="bbox 519 4120 1433 4206; baseline 0.005 -24"><span class='ocrx_word' id='word_1_262' title='bbox 519 4140 551 4182; x_wconf 76' lang='lat' dir='ltr'>ro</span> <span class='ocrx_word' id='word_1_263' title='bbox 604 4128 639 4186; x_wconf 93' lang='lat' dir='ltr'>ut</span> <span class='ocrx_word' id='word_1_264' title='bbox 660 4141 759 4206; x_wconf 85' lang='lat' dir='ltr'>super</span> <span class='ocrx_word' id='word_1_265' title='bbox 778 4139 956 4204; x_wconf 75' lang='lat' dir='ltr'>aequoreus</span> <span class='ocrx_word' id='word_1_266' title='bbox 977 4120 1077 4186; x_wconf 84' lang='lat' dir='ltr'>nabat</span> <span class='ocrx_word' id='word_1_267' title='bbox 1095 4121 1152 4204; x_wconf 91' lang='lat' dir='ltr'>qui</span> <span class='ocrx_word' id='word_1_268' title='bbox 1174 4121 1307 4205; x_wconf 87' lang='lat' dir='ltr'>spiritus</span> <span class='ocrx_word' id='word_1_269' title='bbox 1328 4122 1433 4187; x_wconf 85' lang='lat' dir='ltr'>undas</span> 
     </span>
    </p>
   </div>
   <div class='ocr_carea' id='block_1_7' title="bbox 356 4363 1269 4428">
    <p class='ocr_par' dir='ltr' id='par_1_10' title="bbox 356 4363 1269 4428">
     <span class='ocr_line' id='line_1_35' title="bbox 356 4363 1269 4428; baseline 0.004 -19"><span class='ocrx_word' id='word_1_270' title='bbox 356 4364 440 4413; x_wconf 77' lang='lat' dir='ltr'>vnn.</span> <span class='ocrx_word' id='word_1_271' title='bbox 478 4364 511 4413; x_wconf 77' lang='lat' dir='ltr'>ro</span> <span class='ocrx_word' id='word_1_272' title='bbox 528 4364 593 4413; x_wconf 76' lang='lat' dir='ltr'>tleu.</span> <span class='ocrx_word' id='word_1_273' title='bbox 614 4365 625 4412; x_wconf 92' lang='grc'><strong>1</strong></span> <span class='ocrx_word' id='word_1_274' title='bbox 647 4366 669 4417; x_wconf 92' lang='grc'><strong>1.</strong></span> <span class='ocrx_word' id='word_1_275' title='bbox 690 4364 707 4415; x_wconf 75' lang='lat' dir='ltr'>l</span> <span class='ocrx_word' id='word_1_276' title='bbox 726 4374 752 4413; x_wconf 80' lang='lat' dir='ltr'>st</span> <span class='ocrx_word' id='word_1_277' title='bbox 770 4366 876 4428; x_wconf 75' lang='lat' dir='ltr'>spiritus</span> <span class='ocrx_word' id='word_1_278' title='bbox 893 4363 935 4413; x_wconf 76' lang='lat' dir='ltr'>dol</span> <span class='ocrx_word' id='word_1_279' title='bbox 954 4365 1081 4413; x_wconf 71' lang='lat' dir='ltr'>terelotur</span> <span class='ocrx_word' id='word_1_280' title='bbox 1099 4378 1177 4427; x_wconf 78' lang='lat' dir='ltr'>snper</span> <span class='ocrx_word' id='word_1_281' title='bbox 1192 4379 1269 4426; x_wconf 75' lang='lat' dir='ltr'>squas</span> 
     </span>
    </p>
   </div>
   <div class='ocr_carea' id='block_1_8' title="bbox 269 4585 1902 5682">
    <p class='ocr_par' dir='ltr' id='par_1_11' title="bbox 269 4585 1900 4909">
     <span class='ocr_line' id='line_1_36' title="bbox 359 4585 1900 4649; baseline -0.003 -12"><span class='ocrx_word' id='word_1_282' title='bbox 359 4587 389 4637; x_wconf 77' lang='lat' dir='ltr'>li</span> <span class='ocrx_word' id='word_1_283' title='bbox 408 4596 553 4637; x_wconf 67' lang='lat' dir='ltr'>namucno</span> <span class='ocrx_word' id='word_1_284' title='bbox 571 4602 647 4637; x_wconf 74' lang='lat' dir='ltr'>cursu</span> <span class='ocrx_word' id='word_1_285' title='bbox 667 4588 692 4635; x_wconf 87' lang='grc'>,11</span> <span class='ocrx_word' id='word_1_286' title='bbox 795 4588 885 4635; x_wconf 60' lang='lat' dir='ltr'>mortui</span> <span class='ocrx_word' id='word_1_287' title='bbox 906 4586 933 4634; x_wconf 77' lang='lat' dir='ltr'>l!</span> <span class='ocrx_word' id='word_1_288' title='bbox 1048 4586 1078 4637; x_wconf 75' lang='lat' dir='ltr'>lS</span> <span class='ocrx_word' id='word_1_289' title='bbox 1096 4589 1259 4649; x_wconf 74' lang='lat' dir='ltr'>luoppiutus</span> <span class='ocrx_word' id='word_1_290' title='bbox 1278 4587 1306 4634; x_wconf 87' lang='grc'>,11</span> <span class='ocrx_word' id='word_1_291' title='bbox 1417 4589 1451 4637; x_wconf 71' lang='grc'>21)</span> <span class='ocrx_word' id='word_1_292' title='bbox 1468 4589 1522 4637; x_wconf 74' lang='lat' dir='ltr'>dui</span> <span class='ocrx_word' id='word_1_293' title='bbox 1542 4588 1569 4634; x_wconf 72' lang='grc' dir='ltr'>Ι</span> <span class='ocrx_word' id='word_1_294' title='bbox 1672 4588 1706 4636; x_wconf 78' lang='lat'>2²</span> <span class='ocrx_word' id='word_1_295' title='bbox 1724 4587 1851 4636; x_wconf 79' lang='lat' dir='ltr'>enrmlern</span> <span class='ocrx_word' id='word_1_296' title='bbox 1871 4585 1900 4633; x_wconf 82' lang='lat' dir='ltr'>rt</span> 
     </span>
     <span class='ocr_line' id='line_1_37' title="bbox 269 4665 1897 4738; baseline -0.004 -14"><span class='ocrx_word' id='word_1_297' title='bbox 269 4675 302 4726; x_wconf 73' lang='lat' dir='ltr'>tt</span> <span class='ocrx_word' id='word_1_298' title='bbox 321 4677 431 4735; x_wconf 57' lang='lat' dir='ltr'>mutarn</span> <span class='ocrx_word' id='word_1_299' title='bbox 448 4676 473 4726; x_wconf 78' lang='lat' dir='ltr'>t.</span> <span class='ocrx_word' id='word_1_300' title='bbox 494 4665 640 4738; x_wconf 56' lang='lat' dir='ltr'>mistamp</span> <span class='ocrx_word' id='word_1_301' title='bbox 751 4674 850 4722; x_wconf 59' lang='lat' dir='ltr'>rabonus</span> <span class='ocrx_word' id='word_1_302' title='bbox 871 4672 895 4720; x_wconf 86' lang='grc'>,11</span> <span class='ocrx_word' id='word_1_303' title='bbox 1008 4673 1100 4723; x_wconf 80' lang='lat' dir='ltr'>illirico</span> <span class='ocrx_word' id='word_1_304' title='bbox 1121 4672 1167 4720; x_wconf 72' lang='grc' dir='ltr'><strong><em>Ν</em></strong></span> <span class='ocrx_word' id='word_1_305' title='bbox 1282 4672 1315 4722; x_wconf 72' lang='lat' dir='ltr'>rt</span> <span class='ocrx_word' id='word_1_306' title='bbox 1334 4669 1476 4738; x_wconf 68' lang='lat' dir='ltr'>illustraqit</span> <span class='ocrx_word' id='word_1_307' title='bbox 1493 4676 1621 4722; x_wconf 71' lang='lat' dir='ltr'>onesuuit</span> <span class='ocrx_word' id='word_1_308' title='bbox 1642 4675 1663 4720; x_wconf 77' lang='lat' dir='ltr'><strong><em>T</em></strong></span> <span class='ocrx_word' id='word_1_309' title='bbox 1777 4671 1897 4733; x_wconf 66' lang='lat' dir='ltr'>gallici*</span> 
     </span>
     <span class='ocr_line' id='line_1_38' title="bbox 269 4752 1898 4822; baseline -0.002 -11"><span class='ocrx_word' id='word_1_310' title='bbox 269 4762 303 4811; x_wconf 67' lang='lat'>25</span> <span class='ocrx_word' id='word_1_311' title='bbox 321 4752 383 4810; x_wconf 62' lang='lat' dir='ltr'>adli*</span> <span class='ocrx_word' id='word_1_312' title='bbox 404 4761 424 4807; x_wconf 81' lang='grc' dir='ltr'><strong>Τ</strong></span> <span class='ocrx_word' id='word_1_313' title='bbox 528 4761 597 4809; x_wconf 76' lang='lat' dir='ltr'>linit</span> <span class='ocrx_word' id='word_1_314' title='bbox 616 4762 750 4821; x_wconf 70' lang='lat' dir='ltr'>gratteram</span> <span class='ocrx_word' id='word_1_315' title='bbox 768 4761 834 4809; x_wconf 81' lang='lat' dir='ltr'>aetio</span> <span class='ocrx_word' id='word_1_316' title='bbox 855 4758 875 4806; x_wconf 78' lang='grc' dir='ltr'><strong>Τ</strong></span> <span class='ocrx_word' id='word_1_317' title='bbox 893 4765 916 4807; x_wconf 75' lang='lat' dir='ltr'>ct</span> <span class='ocrx_word' id='word_1_318' title='bbox 931 4759 999 4819; x_wconf 70' lang='lat' dir='ltr'>,odd</span> <span class='ocrx_word' id='word_1_319' title='bbox 1013 4760 1079 4822; x_wconf 81' lang='lat' dir='ltr'>apud</span> <span class='ocrx_word' id='word_1_320' title='bbox 1092 4762 1240 4820; x_wconf 69' lang='lat' dir='ltr'>gratiarum</span> <span class='ocrx_word' id='word_1_321' title='bbox 1262 4776 1288 4813; x_wconf 78' lang='lat' dir='ltr'>c.</span> <span class='ocrx_word' id='word_1_322' title='bbox 1307 4759 1377 4808; x_wconf 79' lang='lat' dir='ltr'>l&#39;iuit</span> <span class='ocrx_word' id='word_1_323' title='bbox 1395 4763 1531 4820; x_wconf 58' lang='lat' dir='ltr'>maturum</span> <span class='ocrx_word' id='word_1_324' title='bbox 1548 4763 1612 4809; x_wconf 74' lang='lat' dir='ltr'>aetio</span> <span class='ocrx_word' id='word_1_325' title='bbox 1629 4761 1662 4809; x_wconf 82' lang='lat' dir='ltr'>de</span> <span class='ocrx_word' id='word_1_326' title='bbox 1679 4761 1812 4808; x_wconf 76' lang='lat' dir='ltr'>consulatu</span> <span class='ocrx_word' id='word_1_327' title='bbox 1829 4760 1898 4821; x_wconf 70' lang='lat' dir='ltr'>opud</span> 
     </span>
     <span class='ocr_line' id='line_1_39' title="bbox 269 4846 669 4909; baseline -0.005 -14"><span class='ocrx_word' id='word_1_328' title='bbox 269 4847 419 4896; x_wconf 71' lang='lat' dir='ltr'>tintinnum</span> <span class='ocrx_word' id='word_1_329' title='bbox 438 4849 582 4908; x_wconf 65' lang='lat' dir='ltr'>Augustum</span> <span class='ocrx_word' id='word_1_330' title='bbox 603 4846 669 4909; x_wconf 67' lang='lat' dir='ltr'>ttpt:</span> 
     </span>
    </p>

    <p class='ocr_par' dir='ltr' id='par_1_12' title="bbox 269 4930 1902 5682">
     <span class='ocr_line' id='line_1_40' title="bbox 357 4930 1898 4996; baseline 0 -17"><span class='ocrx_word' id='word_1_331' title='bbox 357 4934 439 4982; x_wconf 73' lang='lat' dir='ltr'>l&#39;llll.</span> <span class='ocrx_word' id='word_1_332' title='bbox 479 4936 571 4983; x_wconf 73' lang='lat' dir='ltr'>l‘ersua</span> <span class='ocrx_word' id='word_1_333' title='bbox 589 4933 700 4996; x_wconf 72' lang='lat' dir='ltr'>pascales</span> <span class='ocrx_word' id='word_1_334' title='bbox 717 4932 856 4995; x_wconf 65' lang='lat' dir='ltr'>pot-autor</span> <span class='ocrx_word' id='word_1_335' title='bbox 879 4930 898 4975; x_wconf 85' lang='grc' dir='ltr'>1Ι</span> <span class='ocrx_word' id='word_1_336' title='bbox 913 4931 1005 4985; x_wconf 71' lang='lat' dir='ltr'>,Pmclo</span> <span class='ocrx_word' id='word_1_337' title='bbox 1017 4930 1080 4979; x_wconf 80' lang='lat' dir='ltr'>dicti</span> <span class='ocrx_word' id='word_1_338' title='bbox 1091 4930 1172 4985; x_wconf 56' lang='lat' dir='ltr'>Saul„</span> <span class='ocrx_word' id='word_1_339' title='bbox 1192 4932 1269 4979; x_wconf 63' lang='lat' dir='ltr'>tneo</span> <span class='ocrx_word' id='word_1_340' title='bbox 1280 4931 1341 4979; x_wconf 77' lang='lat' dir='ltr'>dicti</span> <span class='ocrx_word' id='word_1_341' title='bbox 1356 4932 1479 4985; x_wconf 62' lang='grc' dir='ltr'>Ηιὶιιήιιι.</span> <span class='ocrx_word' id='word_1_342' title='bbox 1500 4946 1545 4995; x_wconf 84' lang='lat' dir='ltr'>pro</span> <span class='ocrx_word' id='word_1_343' title='bbox 1556 4946 1620 4980; x_wconf 58' lang='lat' dir='ltr'>oses.</span> <span class='ocrx_word' id='word_1_344' title='bbox 1633 4931 1697 4980; x_wconf 73' lang='lat' dir='ltr'>dicti</span> <span class='ocrx_word' id='word_1_345' title='bbox 1711 4930 1831 4991; x_wconf 64' lang='lat' dir='ltr'>muso,</span> <span class='ocrx_word' id='word_1_346' title='bbox 1852 4945 1898 4994; x_wconf 87' lang='lat' dir='ltr'>pro</span> 
     </span>
     <span class='ocr_line' id='line_1_41' title="bbox 269 5016 1896 5079; baseline -0.003 -10"><span class='ocrx_word' id='word_1_347' title='bbox 269 5021 374 5069; x_wconf 75' lang='lat' dir='ltr'>t&#39;aesare</span> <span class='ocrx_word' id='word_1_348' title='bbox 393 5022 429 5069; x_wconf 69' lang='lat' dir='ltr'>ml</span> <span class='ocrx_word' id='word_1_349' title='bbox 448 5020 598 5069; x_wconf 71' lang='lat' dir='ltr'>t‘aooarlbus</span> <span class='ocrx_word' id='word_1_350' title='bbox 617 5019 717 5071; x_wconf 62' lang='lat' dir='ltr'>nost.</span> <span class='ocrx_word' id='word_1_351' title='bbox 740 5017 847 5076; x_wconf 49' lang='lat' dir='ltr'>tlon-reru</span> <span class='ocrx_word' id='word_1_352' title='bbox 865 5031 897 5065; x_wconf 76' lang='lat' dir='ltr'>on</span> <span class='ocrx_word' id='word_1_353' title='bbox 917 5026 1026 5078; x_wconf 70' lang='lat' dir='ltr'>tompus</span> <span class='ocrx_word' id='word_1_354' title='bbox 1043 5018 1131 5066; x_wconf 73' lang='lat' dir='ltr'>dteti&#39;.</span> <span class='ocrx_word' id='word_1_355' title='bbox 1159 5018 1286 5078; x_wconf 78' lang='lat' dir='ltr'>locipiunt</span> <span class='ocrx_word' id='word_1_356' title='bbox 1306 5032 1396 5065; x_wconf 71' lang='lat' dir='ltr'>uersus</span> <span class='ocrx_word' id='word_1_357' title='bbox 1414 5021 1525 5079; x_wconf 62' lang='lat' dir='ltr'>paules</span> <span class='ocrx_word' id='word_1_358' title='bbox 1543 5019 1615 5066; x_wconf 64' lang='lat' dir='ltr'>boeti</span> <span class='ocrx_word' id='word_1_359' title='bbox 1633 5018 1718 5077; x_wconf 59' lang='lat' dir='ltr'>mgni</span> <span class='ocrx_word' id='word_1_360' title='bbox 1736 5019 1845 5067; x_wconf 70' lang='lat' dir='ltr'>soronii</span> <span class='ocrx_word' id='word_1_361' title='bbox 1865 5016 1896 5077; x_wconf 86' lang='lat' dir='ltr'>P,</span> 
     </span>
     <span class='ocr_line' id='line_1_42' title="bbox 270 5091 1897 5168; baseline -0.001 -16"><span class='ocrx_word' id='word_1_362' title='bbox 270 5106 348 5168; x_wconf 81' lang='lat' dir='ltr'>lucip.</span> <span class='ocrx_word' id='word_1_363' title='bbox 369 5120 458 5154; x_wconf 70' lang='lat' dir='ltr'>uersus</span> <span class='ocrx_word' id='word_1_364' title='bbox 478 5106 537 5154; x_wconf 69' lang='lat' dir='ltr'>ltec.</span> <span class='ocrx_word' id='word_1_365' title='bbox 559 5106 623 5163; x_wconf 57' lang='lat' dir='ltr'>llas,</span> <span class='ocrx_word' id='word_1_366' title='bbox 646 5105 752 5153; x_wconf 72' lang='lat' dir='ltr'>Ausonii</span> <span class='ocrx_word' id='word_1_367' title='bbox 770 5100 805 5155; x_wconf 68' lang='lat' dir='ltr'>ll,</span> <span class='ocrx_word' id='word_1_368' title='bbox 834 5104 960 5164; x_wconf 79' lang='lat' dir='ltr'>loetptuot</span> <span class='ocrx_word' id='word_1_369' title='bbox 981 5103 1113 5165; x_wconf 67' lang='lat' dir='ltr'>pusqudos</span> <span class='ocrx_word' id='word_1_370' title='bbox 1135 5100 1168 5153; x_wconf 71' lang='grc' dir='ltr'>Μ.</span> <span class='ocrx_word' id='word_1_371' title='bbox 1190 5103 1318 5164; x_wconf 76' lang='lat' dir='ltr'>luelpluot</span> <span class='ocrx_word' id='word_1_372' title='bbox 1338 5116 1428 5151; x_wconf 71' lang='lat' dir='ltr'>uersus</span> <span class='ocrx_word' id='word_1_373' title='bbox 1445 5106 1556 5165; x_wconf 59' lang='lat' dir='ltr'>peccatos</span> <span class='ocrx_word' id='word_1_374' title='bbox 1579 5104 1630 5155; x_wconf 73' lang='grc' dir='ltr'>ΤΕ,</span> <span class='ocrx_word' id='word_1_375' title='bbox 1658 5104 1695 5151; x_wconf 81' lang='lat' dir='ltr'>De</span> <span class='ocrx_word' id='word_1_376' title='bbox 1713 5112 1785 5151; x_wconf 79' lang='lat' dir='ltr'>sanet</span> <span class='ocrx_word' id='word_1_377' title='bbox 1801 5091 1837 5120; x_wconf 72' lang='lat'>&#39;¹</span> <span class='ocrx_word' id='word_1_378' title='bbox 1855 5117 1897 5151; x_wconf 79' lang='lat' dir='ltr'>so-</span> 
     </span>
     <span class='ocr_line' id='line_1_43' title="bbox 269 5187 1898 5254; baseline -0.001 -16"><span class='ocrx_word' id='word_1_379' title='bbox 269 5192 392 5241; x_wconf 81' lang='lat' dir='ltr'>louultato</span> <span class='ocrx_word' id='word_1_380' title='bbox 410 5207 483 5254; x_wconf 59' lang='lat' dir='ltr'>pas«</span> <span class='ocrx_word' id='word_1_381' title='bbox 502 5208 525 5247; x_wconf 79' lang='lat' dir='ltr'>c,</span> <span class='ocrx_word' id='word_1_382' title='bbox 548 5192 676 5240; x_wconf 69' lang='lat' dir='ltr'>‚anantes</span> <span class='ocrx_word' id='word_1_383' title='bbox 693 5192 726 5239; x_wconf 84' lang='lat' dir='ltr'>do</span> <span class='ocrx_word' id='word_1_384' title='bbox 744 5192 903 5237; x_wconf 70' lang='lat' dir='ltr'>sutctlssiuta</span> <span class='ocrx_word' id='word_1_385' title='bbox 920 5202 993 5250; x_wconf 61' lang='lat' dir='ltr'>mu</span> <span class='ocrx_word' id='word_1_386' title='bbox 1011 5189 1170 5235; x_wconf 71' lang='lat' dir='ltr'>mtomnttato</span> <span class='ocrx_word' id='word_1_387' title='bbox 1187 5202 1230 5234; x_wconf 72' lang='lat' dir='ltr'>sto</span> <span class='ocrx_word' id='word_1_388' title='bbox 1349 5190 1359 5237; x_wconf 95' lang='grc'><strong>1</strong></span> <span class='ocrx_word' id='word_1_389' title='bbox 1381 5191 1531 5252; x_wconf 62' lang='lat' dir='ltr'>sollempnia</span> <span class='ocrx_word' id='word_1_390' title='bbox 1549 5191 1578 5241; x_wconf 81' lang='lat' dir='ltr'>P.</span> <span class='ocrx_word' id='word_1_391' title='bbox 1599 5191 1739 5252; x_wconf 62' lang='lat' dir='ltr'>solempnia</span> <span class='ocrx_word' id='word_1_392' title='bbox 1757 5187 1795 5249; x_wconf 68' lang='lat' dir='ltr'>H,</span> <span class='ocrx_word' id='word_1_393' title='bbox 1813 5190 1898 5237; x_wconf 75' lang='lat' dir='ltr'>colen·</span> 
     </span>
     <span class='ocr_line' id='line_1_44' title="bbox 270 5271 1902 5329; baseline -0.004 0"><span class='ocrx_word' id='word_1_394' title='bbox 270 5278 312 5325; x_wconf 73' lang='lat' dir='ltr'>uls</span> <span class='ocrx_word' id='word_1_395' title='bbox 333 5277 353 5323; x_wconf 76' lang='grc' dir='ltr'>Τ</span> <span class='ocrx_word' id='word_1_396' title='bbox 481 5278 623 5329; x_wconf 55' lang='lat' dir='ltr'>&amp;celebrat</span> <span class='ocrx_word' id='word_1_397' title='bbox 648 5278 666 5323; x_wconf 85' lang='lat' dir='ltr'>l&#39;</span> <span class='ocrx_word' id='word_1_398' title='bbox 787 5276 876 5323; x_wconf 74' lang='lat' dir='ltr'>satiatae</span> <span class='ocrx_word' id='word_1_399' title='bbox 900 5272 970 5321; x_wconf 80' lang='lat' dir='ltr'>l‘l&#39;ll</span> <span class='ocrx_word' id='word_1_400' title='bbox 1102 5274 1166 5322; x_wconf 77' lang='lat' dir='ltr'>:tad</span> <span class='ocrx_word' id='word_1_401' title='bbox 1190 5274 1209 5315; x_wconf 81' lang='lat' dir='ltr'>l&#39;</span> <span class='ocrx_word' id='word_1_402' title='bbox 1238 5271 1305 5320; x_wconf 64' lang='lat' dir='ltr'>tna*</span> <span class='ocrx_word' id='word_1_403' title='bbox 1434 5272 1627 5324; x_wconf 59' lang='lat' dir='ltr'>‹odoenm&#39;l‘P</span> <span class='ocrx_word' id='word_1_404' title='bbox 1756 5276 1857 5323; x_wconf 69' lang='lat' dir='ltr'>beatri</span> <span class='ocrx_word' id='word_1_405' title='bbox 1880 5276 1902 5322; x_wconf 79' lang='lat' dir='ltr'><strong><em>V</em></strong></span> 
     </span>
     <span class='ocr_line' id='line_1_45' title="bbox 269 5344 1897 5425; baseline 0.001 -16"><span class='ocrx_word' id='word_1_406' title='bbox 269 5361 414 5424; x_wconf 65' lang='lat' dir='ltr'>optadus</span> <span class='ocrx_word' id='word_1_407' title='bbox 434 5362 456 5410; x_wconf 81' lang='lat'>1·</span> <span class='ocrx_word' id='word_1_408' title='bbox 558 5363 572 5411; x_wconf 71' lang='grc'><strong>1</strong></span> <span class='ocrx_word' id='word_1_409' title='bbox 592 5367 658 5425; x_wconf 79' lang='lat' dir='ltr'>ptcts</span> <span class='ocrx_word' id='word_1_410' title='bbox 676 5362 694 5407; x_wconf 90' lang='lat' dir='ltr'>l&#39;</span> <span class='ocrx_word' id='word_1_411' title='bbox 798 5362 862 5410; x_wconf 66' lang='lat' dir='ltr'>latu</span> <span class='ocrx_word' id='word_1_412' title='bbox 884 5357 905 5407; x_wconf 76' lang='lat' dir='ltr'>l&#39;</span> <span class='ocrx_word' id='word_1_413' title='bbox 1006 5357 1105 5423; x_wconf 70' lang='lat' dir='ltr'>Splob‘</span> <span class='ocrx_word' id='word_1_414' title='bbox 1121 5356 1148 5409; x_wconf 69' lang='lat' dir='ltr'>l&#39;.</span> <span class='ocrx_word' id='word_1_415' title='bbox 1169 5360 1250 5421; x_wconf 61' lang='lat' dir='ltr'>petto</span> <span class='ocrx_word' id='word_1_416' title='bbox 1266 5356 1350 5408; x_wconf 66' lang='grc'><strong>1111,</strong></span> <span class='ocrx_word' id='word_1_417' title='bbox 1370 5355 1452 5422; x_wconf 68' lang='lat' dir='ltr'>plebis</span> <span class='ocrx_word' id='word_1_418' title='bbox 1468 5362 1496 5413; x_wconf 76' lang='grc' dir='ltr'>Τ,</span> <span class='ocrx_word' id='word_1_419' title='bbox 1516 5363 1604 5424; x_wconf 74' lang='lat' dir='ltr'>plebes</span> <span class='ocrx_word' id='word_1_420' title='bbox 1620 5368 1668 5410; x_wconf 76' lang='lat' dir='ltr'>«t.</span> <span class='ocrx_word' id='word_1_421' title='bbox 1773 5344 1849 5409; x_wconf 69' lang='lat' dir='ltr'>mni</span> <span class='ocrx_word' id='word_1_422' title='bbox 1867 5362 1897 5423; x_wconf 77' lang='lat' dir='ltr'>V,</span> 
     </span>
     <span class='ocr_line' id='line_1_46' title="bbox 270 5430 1902 5511; baseline 0.001 -18"><span class='ocrx_word' id='word_1_423' title='bbox 270 5460 370 5495; x_wconf 76' lang='lat' dir='ltr'>rursum</span> <span class='ocrx_word' id='word_1_424' title='bbox 387 5453 433 5496; x_wconf 71' lang='lat' dir='ltr'>«t.</span> <span class='ocrx_word' id='word_1_425' title='bbox 544 5430 738 5511; x_wconf 62' lang='lat' dir='ltr'>tormentoque</span> <span class='ocrx_word' id='word_1_426' title='bbox 762 5447 780 5492; x_wconf 88' lang='lat' dir='ltr'>l&#39;</span> <span class='ocrx_word' id='word_1_427' title='bbox 887 5444 914 5495; x_wconf 89' lang='lat' dir='ltr'>ll</span> <span class='ocrx_word' id='word_1_428' title='bbox 935 5442 1013 5495; x_wconf 65' lang='lat' dir='ltr'>uns·</span> <span class='ocrx_word' id='word_1_429' title='bbox 1029 5443 1111 5497; x_wconf 60' lang='lat' dir='ltr'>salal„</span> <span class='ocrx_word' id='word_1_430' title='bbox 1132 5444 1236 5493; x_wconf 71' lang='lat' dir='ltr'>rodtmtr</span> <span class='ocrx_word' id='word_1_431' title='bbox 1253 5458 1296 5506; x_wconf 58' lang='lat' dir='ltr'>opo</span> <span class='ocrx_word' id='word_1_432' title='bbox 1404 5445 1436 5495; x_wconf 79' lang='grc'>11</span> <span class='ocrx_word' id='word_1_433' title='bbox 1453 5449 1528 5495; x_wconf 56' lang='lat' dir='ltr'>urit«</span> <span class='ocrx_word' id='word_1_434' title='bbox 1550 5447 1572 5489; x_wconf 80' lang='grc'><strong>1·</strong></span> <span class='ocrx_word' id='word_1_435' title='bbox 1598 5458 1657 5494; x_wconf 71' lang='grc' dir='ltr'>ια</span> <span class='ocrx_word' id='word_1_436' title='bbox 1673 5447 1691 5494; x_wconf 77' lang='lat' dir='ltr'>d</span> <span class='ocrx_word' id='word_1_437' title='bbox 1708 5444 1767 5506; x_wconf 63' lang='grc' dir='ltr'>ιιῖ,</span> <span class='ocrx_word' id='word_1_438' title='bbox 1786 5448 1858 5496; x_wconf 72' lang='lat' dir='ltr'>ultis</span> <span class='ocrx_word' id='word_1_439' title='bbox 1879 5448 1902 5495; x_wconf 76' lang='grc' dir='ltr'><em>Τ</em></span> 
     </span>
     <span class='ocr_line' id='line_1_47' title="bbox 272 5528 1901 5597; baseline -0.001 -16"><span class='ocrx_word' id='word_1_440' title='bbox 272 5531 303 5581; x_wconf 65' lang='lat' dir='ltr'>l&amp;</span> <span class='ocrx_word' id='word_1_441' title='bbox 321 5531 398 5579; x_wconf 69' lang='lat' dir='ltr'>buno</span> <span class='ocrx_word' id='word_1_442' title='bbox 415 5546 448 5581; x_wconf 84' lang='lat' dir='ltr'>uo</span> <span class='ocrx_word' id='word_1_443' title='bbox 468 5532 489 5583; x_wconf 76' lang='lat' dir='ltr'>t·</span> <span class='ocrx_word' id='word_1_444' title='bbox 613 5535 726 5597; x_wconf 71' lang='lat' dir='ltr'>topanta</span> <span class='ocrx_word' id='word_1_445' title='bbox 748 5530 802 5583; x_wconf 71' lang='grc' dir='ltr'>Ν.</span> <span class='ocrx_word' id='word_1_446' title='bbox 823 5534 935 5597; x_wconf 59' lang='lat' dir='ltr'>tofoso</span> <span class='ocrx_word' id='word_1_447' title='bbox 958 5528 985 5585; x_wconf 76' lang='lat' dir='ltr'>l‘.</span> <span class='ocrx_word' id='word_1_448' title='bbox 1004 5532 1113 5593; x_wconf 68' lang='lat' dir='ltr'>topanta</span> <span class='ocrx_word' id='word_1_449' title='bbox 1133 5530 1155 5579; x_wconf 81' lang='grc'>11</span> <span class='ocrx_word' id='word_1_450' title='bbox 1285 5546 1450 5593; x_wconf 51' lang='lat' dir='ltr'>*mamae</span> <span class='ocrx_word' id='word_1_451' title='bbox 1470 5531 1498 5583; x_wconf 74' lang='lat' dir='ltr'>P.</span> <span class='ocrx_word' id='word_1_452' title='bbox 1518 5545 1656 5594; x_wconf 65' lang='grc' dir='ltr'>αιωηιε</span> <span class='ocrx_word' id='word_1_453' title='bbox 1677 5532 1708 5593; x_wconf 82' lang='lat'>1,</span> <span class='ocrx_word' id='word_1_454' title='bbox 1724 5545 1852 5594; x_wconf 71' lang='grc' dir='ltr'>ιοωῃο</span> <span class='ocrx_word' id='word_1_455' title='bbox 1871 5531 1901 5580; x_wconf 82' lang='grc' dir='ltr'>Ι</span> 
     </span>
     <span class='ocr_line' id='line_1_48' title="bbox 272 5614 1474 5682; baseline -0.002 -14"><span class='ocrx_word' id='word_1_456' title='bbox 272 5616 303 5668; x_wconf 87' lang='grc'>11</span> <span class='ocrx_word' id='word_1_457' title='bbox 320 5630 397 5682; x_wconf 67' lang='lat' dir='ltr'>quen</span> <span class='ocrx_word' id='word_1_458' title='bbox 414 5618 504 5667; x_wconf 61' lang='lat' dir='ltr'>mode</span> <span class='ocrx_word' id='word_1_459' title='bbox 526 5618 545 5669; x_wconf 92' lang='grc'><strong>1“</strong></span> <span class='ocrx_word' id='word_1_460' title='bbox 651 5618 681 5671; x_wconf 76' lang='lat' dir='ltr'>lb</span> <span class='ocrx_word' id='word_1_461' title='bbox 698 5634 760 5670; x_wconf 76' lang='lat' dir='ltr'>seua</span> <span class='ocrx_word' id='word_1_462' title='bbox 785 5621 802 5666; x_wconf 86' lang='lat' dir='ltr'>l&#39;</span> <span class='ocrx_word' id='word_1_463' title='bbox 824 5634 846 5675; x_wconf 76' lang='lat' dir='ltr'>,a</span> <span class='ocrx_word' id='word_1_464' title='bbox 862 5620 909 5667; x_wconf 76' lang='lat' dir='ltr'>ott.</span> <span class='ocrx_word' id='word_1_465' title='bbox 930 5630 960 5667; x_wconf 76' lang='lat' dir='ltr'>os</span> <span class='ocrx_word' id='word_1_466' title='bbox 976 5622 1014 5671; x_wconf 61' lang='lat' dir='ltr'>e‘.</span> <span class='ocrx_word' id='word_1_467' title='bbox 1032 5630 1100 5667; x_wconf 73' lang='lat' dir='ltr'>cous</span> <span class='ocrx_word' id='word_1_468' title='bbox 1119 5614 1166 5665; x_wconf 67' lang='lat' dir='ltr'>tut</span> <span class='ocrx_word' id='word_1_469' title='bbox 1272 5615 1301 5665; x_wconf 69' lang='lat' dir='ltr'>tt</span> <span class='ocrx_word' id='word_1_470' title='bbox 1318 5616 1474 5667; x_wconf 62' lang='lat' dir='ltr'>owmlitl&#39;</span> 
     </span>
    </p>
   </div>
   <div class='ocr_carea' id='block_1_9' title="bbox 0 0 2185 6228">
    <p class='ocr_par' dir='ltr' id='par_1_13' title="bbox 0 0 2185 6228">
     <span class='ocr_line' id='line_1_49' title="bbox 0 0 2185 6228; baseline 0 0"><span class='ocrx_word' id='word_1_471' title='bbox 0 0 2185 6228; x_wconf 95' lang='lat' dir='ltr'> </span> 
     </span>
    </p>
   </div>
  </div>
 </body>
</html>
