4358 6234
1011 295 1167 353 AVSONII

957 572 1072 637 LVIII.
1097 572 1216 637 IDEM.

611 712 773 792 Daedale,
801 731 858 775 cur
879 730 964 775 vana
986 709 1147 776 consumis
1168 709 1203 774 in
1226 717 1294 775 arte
1316 710 1483 775 laborem?

697 835 748 879 mc
771 814 876 898 potius
899 814 1011 878 clausa
1034 813 1144 879 subice
1167 812 1339 898 Pasiphae.

611 918 783 984 illecebras
806 937 902 983 verae
926 917 953 981 si
976 916 1025 982 vis
1049 916 1141 996 darc,
1169 915 1333 996 Daedale,
1360 935 1495 999 vaccae,

700 1021 776 1087 viva
797 1019 857 1086 tibi
880 1018 1006 1105 species
1030 1040 1130 1084 vacca
1151 1019 1293 1105 Myronis
1316 1018 1386 1084 erit.
1431 1109 1433 1114 Α

946 1244 1077 1309 LVIIII.
1108 1244 1228 1308 IDEM.

609 1385 715 1449 Aerea
736 1383 893 1466 mugitum
917 1388 1043 1466 poterat
1064 1381 1143 1446 dare
1165 1401 1264 1447 vacca
1285 1381 1447 1466 Myronis,

697 1485 755 1551 sed
777 1486 868 1551 timet
889 1485 1021 1550 artificis
1043 1483 1189 1551 deterere
1213 1485 1391 1568 ingenium.

610 1590 731 1673 fingere
753 1610 826 1654 uam
851 1588 988 1654 similem
1011 1589 1105 1653 vivae
1128 1608 1225 1670 quam
1248 1588 1356 1653 vivere
1379 1589 1453 1673 plus
1477 1595 1542 1654 est:

696 1714 756 1759 nec
779 1699 853 1758 sunt
874 1693 961 1758 facta
983 1692 1037 1758 dei
1059 1692 1158 1776 mira,
1185 1691 1242 1758 sed
1264 1691 1407 1758 artificis.

975 1917 1045 1980 LX.
1075 1915 1194 1979 IDEM.

609 2056 713 2121 Aerca
734 2055 792 2119 bos
816 2061 986 2120 steteram:
1012 2058 1152 2118 mactata
1175 2059 1225 2117 est
1247 2072 1348 2118 vacca
1369 2053 1552 2137 Minervae,

695 2157 754 2223 sed
776 2159 839 2224 dea
861 2157 1028 2242 proflatam
1052 2156 1216 2222 transtulit
1238 2155 1301 2221 huc
1322 2156 1475 2222 animam.

610 2269 642 2328 et
665 2261 759 2327 modo
782 2281 852 2326 sum
876 2262 1012 2345 duplex,
1039 2279 1116 2345 pars
1138 2280 1254 2342 aerea,
1281 2279 1357 2344 pars
1379 2260 1531 2328 animata.

696 2364 779 2430 haec
803 2383 916 2430 manus
938 2364 1070 2430 artificis
1093 2361 1224 2444 dicitur,
1250 2362 1310 2428 illa
1332 2361 1425 2430 deae.

967 2588 1052 2653 LXI.
1084 2588 1204 2654 IDEM.

609 2726 695 2806 Quid
717 2747 785 2806 me,
812 2734 917 2807 taure,
946 2746 1042 2810 paras
1065 2727 1173 2811 specie
1196 2726 1351 2812 deceptus
1373 2727 1478 2792 iniret

695 2850 757 2895 non
780 2849 850 2895 sum
873 2850 934 2914 ego
958 2830 1085 2895 Minoae
1107 2830 1257 2896 machina
1279 2830 1470 2914 Pasiphaae.

959 3054 1062 3118 LXll.
1095 3054 1213 3118 IDEM.

609 3194 754 3259 Necdum
777 3192 898 3260 caduco
921 3192 1005 3273 sole,
1032 3192 1097 3256 iam
1120 3191 1180 3256 sub
1204 3213 1338 3277 vespere

609 3304 721 3379 ageret
743 3296 896 3361 iuvencas
921 3315 992 3359 cum
1016 3294 1142 3359 domum
1167 3301 1278 3379 pastor
1300 3315 1393 3375 suas,

610 3417 701 3463 suam
724 3397 915 3479 relinquens
937 3416 988 3461 me
1011 3397 1161 3462 monebat
1184 3403 1218 3462 ut
1240 3418 1343 3463 suam.

952 3621 1071 3687 urm.
1100 3600 1233 3687 mnu.

610 3761 713 3825 Vnam
737 3760 903 3825 iuvencam
927 3767 1038 3845 pastor
1060 3760 1140 3825 forte
1163 3760 1315 3826 amiserat

696 3882 926 3944 numerumque
948 3862 1057 3928 iussus
1080 3860 1216 3928 reddere

609 3986 660 4031 me
683 3964 828 4031 defuisse
851 3966 1121 4050 conquerebatur,
1149 3967 1240 4050 sequi

695 4090 778 4152 quae
799 4069 976 4137 noluissem
1000 4077 1134 4136 ceteras.

359 4298 439 4345 cxli.
478 4296 492 4344 3
511 4299 546 4360 cs.
568 4298 646 4345 nuth.
668 4298 718 4346 Pal.
739 4297 816 4345 Vllll
836 4295 881 4344 73(

359 4488 450 4536 LVIII.
488 4487 558 4535 Idem
578 4484 642 4548 Met,
669 4487 707 4535 Ad
726 4487 863 4535 Daedalum
882 4486 1020 4535 decadem
1040 4488 1131 4535 bucula
1152 4487 1232 4548 (seres
1249 4487 1308 4536 cdd.
1328 4484 1408 4550 anuo2)
1429 4485 1525 4536 mecm
1539 4490 1622 4550 cotye,
1647 4489 1686 4538 De
1704 4488 1794 4537 eadem
1812 4489 1905 4537 bucula

272 4575 303 4623 ad
321 4575 458 4623 Daedalum
470 4593 494 4637 v,
514 4575 614 4622 nudam
632 4576 720 4622 lemma
738 4574 758 4620 Τ
863 4572 873 4621 l
895 4573 1085 4622 consummisI'
1189 4573 1204 4622 2
1223 4575 1338 4636 protinus
1354 4574 1375 4622 Τ
1427 4589 1431 4596 ·
1477 4589 1553 4624 auae
1569 4589 1623 4638 mu,
1641 4575 1741 4624 clausae
1760 4576 1783 4624 E
1799 4576 1871 4638 volpe

272 4662 376 4724 pasiphe
395 4658 483 4720 Mo²h²,
505 4661 625 4723 pasiphae
644 4667 701 4723 eet,
720 4661 858 4721 Pasiphaae
877 4659 942 4708 Med.
962 4661 1033 4720 cotye
1137 4660 1153 4708 4
1173 4663 1245 4709 uiuat
1263 4662 1306 4709 ubl
1327 4661 1348 4708 Τ
1450 4662 1553 4709 mironis
1572 4659 1601 4707 M

358 4748 464 4796 LVlIll.
503 4747 572 4795 idem
587 4745 650 4810 mc2,
672 4748 710 4795 De
728 4748 815 4796 eadem
828 4747 940 4806 Myronis
958 4748 1049 4795 bucula
1062 4763 1081 4811 χ
1092 4749 1172 4810 cotye,
1193 4749 1231 4795 De
1249 4748 1335 4796 eadem
1347 4747 1458 4808 Myronis
1476 4749 1569 4797 bucula
1586 4749 1639 4797 iam
1656 4748 1768 4798 habente
1786 4750 1903 4811 spirituus

272 4833 301 4894 Ε,
321 4834 420 4883 nultnm
438 4834 528 4882 lemma
548 4833 569 4879 Τ
672 4832 683 4882 l
705 4834 810 4883 mlronia
830 4832 858 4880 M
960 4833 975 4880 4
995 4829 1053 4899 nec]
1072 4832 1131 4881 haec
1151 4833 1172 4880 T

357 4919 413 4968 LX.
451 4919 523 4968 Idem
534 4916 597 4979 Mt2,
610 4920 647 4967 De
657 4920 745 4968 eadem
757 4919 853 4981 (eadem
864 4935 913 4969 om.
924 4920 947 4982 v)
961 4921 1052 4968 bucula
1064 4920 1164 4982 (bacula
1175 4921 1224 4969 iarn
1234 4921 1282 4981 oli)
1293 4922 1401 4970 habenta
1411 4923 1531 4984 spirltum
1541 4919 1662 4982 (Myronis
1671 4919 1730 4969 cdd.
1742 4919 1797 4981 mu(
1809 4918 1902 4980 meos,

272 5008 370 5056 mellum
382 5008 471 5055 lemma
487 5003 543 5068 lui,
554 5007 592 5055 De
604 5007 690 5055 eadem
702 5008 808 5055 buccula
820 5007 879 5070 Ue,
890 5007 983 5056 Eadem
996 5008 1087 5054 bucula
1096 5007 1126 5056 de
1139 5022 1166 5056 ae
1179 5008 1261 5070 cape.
1275 5011 1345 5071 volco
1450 5008 1466 5058 2
1484 5009 1528 5057 sed
1539 5023 1556 5070 p
1570 5008 1625 5071 (dcl.
1635 5003 1682 5070 ιη’)
1697 5007 1746 5056 dea
1754 5020 1800 5071 pre
1810 5009 1872 5056 natu
1884 5007 1906 5055 Τ

357 5094 425 5142 Llll.
463 5093 534 5140 ldem
555 5090 616 5153 Mol,
644 5094 682 5142 Ad
702 5100 802 5142 taurum
820 5095 852 5143 de
871 5095 959 5143 eadem
978 5095 1069 5143 bucula
1086 5111 1120 5159 χ,
1138 5096 1238 5144 nullum
1256 5097 1347 5145 kmmc
1367 5096 1402 5158 Τ,
1424 5096 1462 5144 Ad
1481 5100 1582 5144 taurum
1601 5095 1688 5143 eadem
1706 5094 1801 5143 bucula
1819 5092 1903 5156 laed.

270 5182 341 5241 oolyo
446 5178 461 5228 2
480 5179 599 5242 pasiphae
621 5180 652 5242 Τ,
671 5181 777 5244 pasiphe
796 5180 825 5228 M

357 5265 439 5314 Lxll.
476 5265 547 5313 idern
561 5263 624 5328 Mh2,
644 5267 682 5314 De
694 5268 780 5315 cadem
794 5267 903 5326 Myronis
917 5267 1038 5329 (Myronis
1050 5282 1099 5317 om.
1113 5269 1137 5329 o)
1160 5269 1251 5317 bucula
1267 5269 1332 5330 (area
1344 5267 1402 5317 cdd.
1417 5265 1451 5330 ol(
1474 5268 1588 5333 gnomo,
1606 5267 1707 5316 noum
1719 5266 1814 5316 ummo
1827 5265 1859 5329 Τ,
1876 5269 1904 5316 ln

271 5365 317 5414 qao
335 5351 377 5398 toc
394 5365 494 5400 carmen
512 5353 674 5401 contanciam
691 5367 748 5401 casm
766 5353 934 5415 anuesdcnti5
952 5353 1066 5403 distinxit
1083 5353 1221 5403 rubricator
1238 5355 1338 5402 lincolie
1350 5356 1498 5415 Interpositis
1605 5351 1617 5401 l
1638 5333 1682 5418 8133
1696 5351 1718 5398 Τ
1734 5354 1789 5414 (snb
1801 5354 1901 5413 asab),

270 5452 315 5500 spe
334 5434 397 5499 MD,
418 5438 464 5487 sub
482 5434 510 5484 υ2
529 5439 567 5501 (in
583 5453 633 5499 my.
655 5439 706 5501 spe)
729 5445 775 5489 cet.
882 5441 897 5490 3
916 5441 1029 5488 minabat
1047 5441 1078 5489 A.
1099 5441 1181 5489 cosses
1198 5442 1268 5502 votpo

357 5522 448 5571 Llllll.
486 5524 557 5573 Idem
576 5522 639 5586 MD,
665 5526 704 5573 De
729 5527 814 5577 eadem
833 5526 944 5586 Myronis
972 5526 1090 5588 (Myronis
1113 5540 1161 5575 om.
1181 5542 1197 5574 a
1219 5525 1265 5587 Dp.
1284 5526 1364 5590 colpe)
1386 5526 1477 5576 bucula
1499 5527 1623 5593 yaolyc,
1647 5527 1751 5577 nullm
1771 5524 1905 5578 ems

271 5606 377 5658 narsus
397 5607 419 5656 Τ
524 5608 721 5673 ideinlsseqne
741 5612 762 5659 Τ
783 5611 908 5675 (quodsi.
927 5610 1014 5675 mim(
