4358 6234
529 326 581 380 DE
598 325 766 381 RATIONE
783 325 989 383 PVERPERII
1008 328 1156 386 uATvsst
1177 328 1317 394 (XXXV).
1355 330 1566 387 EPISTVLAE
1586 331 1631 397 (I).

924 786 1246 888 EPISTVLAE.

575 1036 602 1100 Ι.
632 1037 844 1104 AVSONIVS
865 1037 925 1102 AD
948 1037 1121 1102 PATREM
1143 1037 1202 1101 DE
1223 1038 1439 1106 svscuP'ro
1463 1040 1588 1106 FILIO.

603 1224 809 1293 credideram
832 1226 878 1292 nil
901 1247 996 1312 posse
1019 1226 1100 1293 meis
1122 1227 1293 1294 affectibus
1316 1228 1410 1309 addi,

689 1350 767 1413 quo,
795 1330 979 1396 venerande
1002 1337 1109 1415 pater,
1137 1330 1309 1416 diligerere
1332 1332 1449 1416 magis.

602 1434 740 1500 aooessit
766 1436 883 1518 (grates
907 1434 1034 1519 superis
1056 1434 1227 1518 medioque
1249 1436 1375 1520 nepoti,

689 1536 765 1602 bina
787 1537 878 1603 dedit
898 1537 1015 1604 nostris
1037 1538 1092 1621 qui
1114 1538 1191 1622 iuga
1213 1539 1407 1621 nominibus)

602 1641 740 1708 aooessit
762 1641 889 1721 titulus,
921 1651 978 1708 tua
1000 1662 1062 1725 quo
1085 1643 1263 1708 reverentia
1286 1649 1424 1723 creseat,
1604 1658 1636 1719 (o)

689 1764 751 1828 quo
774 1743 905 1811 doeeam
928 1752 1058 1826 natum,
1085 1746 1162 1829 quid
1185 1747 1227 1812 sit
1249 1767 1359 1813 amare
1382 1753 1518 1832 patrem.
1589 1761 1638 1824 (ro)

603 1849 673 1934 ipse
696 1867 796 1933 nepos
819 1855 851 1915 te
874 1849 951 1915 feeit
973 1870 1087 1931 avum,
1114 1850 1194 1915 mihi
1215 1849 1300 1915 filius
1322 1850 1410 1915 idem

689 1959 722 2018 et
743 1951 802 2017 tibi
824 1972 905 2036 ego:
930 1953 991 2018 hoe
1014 1959 1089 2019 nato
1111 1973 1170 2019 nos
1193 1973 1303 2018 sumus
1326 1953 1420 2019 ambo
1443 1960 1562 2039 patres.

603 2076 663 2122 neo
686 2055 749 2120 iam
774 2055 843 2121 sola
865 2055 944 2121 mihi
967 2056 1072 2139 pietas
1094 2076 1168 2122 mea
1191 2055 1306 2122 suadet
1328 2077 1489 2123 amorem:

688 2160 816 2225 nomine
838 2166 871 2226 te
893 2159 1015 2243 gemini
1038 2160 1100 2225 iarn
1124 2160 1280 2244 genitoris
1302 2181 1385 2227 amo.

603 2265 723 2350 ‹prippe
744 2264 804 2329 tibi
826 2271 985 2347 aequatus
1007 2263 1133 2345 videor,
1163 2265 1238 2348 quia
1260 2266 1415 2350 parvulus
1437 2265 1500 2331 isto

688 2367 817 2433 nomine
840 2367 1028 2432 honoratum
1051 2388 1103 2433 me
1125 2387 1253 2450 quoque
1276 2368 1441 2434 nobilitat:

603 2471 680 2537 ‹lein
702 2477 793 2536 aetas
815 2470 891 2553 quia
912 2475 1023 2537 nostra
1045 2470 1171 2536 eadem.
1217 2492 1293 2536 nam
1316 2472 1465 2557 subparis
1488 2473 1560 2537 aevi

689 2592 759 2638 sum
782 2573 842 2639 tibi
863 2593 924 2657 ego
947 2581 981 2640 et
1001 2592 1132 2659 possum
1156 2574 1265 2640 fratris
1288 2574 1408 2641 habere
1431 2575 1547 2641 vioem.

602 2699 662 2745 nee
684 2685 807 2744 tantum
829 2677 948 2744 nostris
972 2678 1112 2762 spatium
1134 2678 1347 2763 interponitur
1369 2678 1480 2761 annis,

687 2787 808 2866 quanta
830 2782 936 2847 solent
957 2781 1040 2847 alios
1062 2789 1206 2865 tempora
1229 2781 1386 2848 dividere.

603 2884 670 2950 vidi
692 2905 753 2969 ego
775 2885 902 2951 natales
924 2884 1058 2950 fratrum
1083 2884 1204 2949 distare
1226 2891 1273 2950 tot
1294 2885 1404 2966 anuis,

692 2995 768 3071 quot
790 2995 931 3054 nostros:
959 3008 1074 3054 nevum
1098 2987 1228 3052 nomina
1250 3009 1314 3053 non
1336 2995 1479 3054 onerant.

603 3093 735 3179 pulehra
756 3093 889 3159 iuventa
910 3092 969 3159 tibi
993 3092 1117 3157 senium
1142 3091 1189 3157 sio
1211 3091 1328 3176 iungit,
1355 3099 1390 3157 ut
1411 3113 1527 3158 aevum

688 3196 773 3280 quod
795 3196 883 3280 prius
906 3202 956 3262 est
976 3201 1123 3274 maneat,
1150 3194 1236 3278 quod
1258 3194 1353 3260 modo
1377 3201 1411 3260 ut
1432 3195 1576 3280 incipiat.

602 3306 635 3365 et
657 3299 818 3385 plaouisse
840 3320 911 3364 reor
934 3298 1072 3382 geminis
1095 3298 1269 3378 aetatibus,
1298 3304 1333 3363 ut
1356 3318 1390 3363 se

688 3424 751 3468 non
775 3402 926 3468 festinato
949 3408 1092 3486 tempore
1116 3409 1249 3485 utraque
1276 3401 1383 3480 daret,

604 3506 719 3571 leniter
740 3506 821 3571 haee
843 3504 972 3581 flueret,
1000 3505 1081 3571 haee
1102 3525 1165 3570 non
1188 3513 1358 3590 properata
1380 3505 1521 3581 veniret,

690 3617 846 3675 oraturam
869 3609 994 3692 frugem
1018 3608 1095 3675 tlore
1118 3616 1269 3674 manento
1291 3608 1410 3674 ferens.

602 3734 704 3780 annos
726 3733 778 3778 me
800 3712 926 3778 nescire
948 3719 1036 3793 tuos,
1065 3719 1157 3798 pater
1179 3713 1313 3797 optime,
1341 3719 1441 3778 testor

689 3824 799 3900 totque
823 3822 936 3900 putare
958 3822 1043 3896 tuos,
1071 3822 1148 3899 quot
1170 3836 1240 3880 reor
1263 3834 1336 3881 esse
1358 3835 1459 3880 meos.

602 3920 726 3986 neseiat
747 3920 806 3985 hos
828 3925 937 3984 natus:
966 3925 1112 3985 numeret
1134 3919 1355 4004 properantior
1378 3919 1487 4000 heres,

688 4029 881 4090 testamenta
902 4023 1008 4107 magis
1031 4043 1126 4106 quam
1150 4022 1205 4106 pia
1228 4028 1303 4087 vota
1325 4022 1438 4088 fovens

603 4129 815 4213 exemploque
838 4127 956 4194 doeens
979 4146 1079 4210 pravo
1100 4126 1310 4191 iuvenescere
1333 4132 1442 4207 naurs,

690 4237 724 4296 ut
745 4230 848 4295 nolint
871 4238 978 4315 patres
1002 4249 1037 4294 se
1060 4248 1185 4311 quoquo
1208 4229 1328 4294 habero
1351 4249 1457 4295 senes.

605 4354 714 4399 verum
738 4355 799 4417 ogo
822 4334 984 4418 prirnaevo
1007 4333 1134 4416 genitus
1158 4332 1303 4415 genitore
1326 4332 1451 4398 fatebor

690 4437 839 4521 subparis
863 4437 942 4502 liaeo
966 4437 1039 4501 aevi
1062 4443 1207 4521 tempora
1230 4442 1324 4519 grata
1347 4435 1435 4500 milri.

604 4540 706 4606 debeo
729 4540 815 4624 quod
838 4548 950 4619 natus,
978 4539 1095 4605 suadet
1118 4540 1173 4623 pia
1196 4560 1273 4604 eura
1294 4539 1421 4622 nepotis

689 4643 874 4710 addendum
897 4644 997 4729 patri,
1023 4664 1086 4727 quo
1110 4663 1300 4709 veneremur
1321 4663 1429 4707 avum.

357 4955 377 5002 l.
405 4968 496 5017 suscep
519 4955 540 5002 V
640 4955 739 5018 tquod
762 4956 787 5014 V,
808 4969 857 5016 quo
877 4954 959 5015 luspd
1066 4955 1200 5014 diligerere
1224 4955 1298 5016 Vlre
1316 4956 1361 5004 att.
1382 4952 1528 5013 m²tarus.)
1634 4952 1746 5012 {tgrstls
1764 4966 1841 5015 super
1858 4952 1898 5000 hts

273 5039 371 5088 Veoss.
396 5041 494 5091 Grossoo
633 5043 649 5092 t
672 5044 731 5091 blus
755 5042 775 5089 V
796 5044 819 5105 (b
837 5039 875 5090 su²
892 5045 919 5089 in
937 5042 997 5101 res.)
1140 5041 1155 5088 5
1179 5046 1202 5089 st
1226 5041 1242 5090 6
1267 5043 1308 5103 qut
1332 5042 1449 5100 tegantur
1465 5043 1518 5100 post
1536 5038 1552 5087 8
1570 5038 1617 5086 tue
1634 5041 1762 5086 transtullt
1781 5038 1897 5088 Bruadss

268 5124 369 5187 liquori
390 5127 416 5185 V,
437 5128 499 5189 quid
518 5128 674 5178 Palmensem
790 5128 821 5177 it)
838 5129 937 5189 gemino
955 5126 1054 5176 Gronov
1171 5127 1198 5176 11
1219 5129 1278 5188 quis
1301 5129 1327 5187 V,
1349 5126 1414 5189 quod
1433 5125 1500 5175 Soet.
1519 5127 1592 5185 ootpu
1695 5126 1744 5173 tste
1767 5125 1824 5180 Vll
1842 5129 1897 5186 post

269 5210 351 5273 add.),
372 5213 421 5261 isto
438 5214 494 5263 Vla.
594 5214 625 5264 12
643 5216 761 5264 honorato
781 5215 837 5262 Tott
937 5213 966 5261 tt
984 5214 1103 5276 bouaetas
1120 5214 1148 5275 V,
1168 5220 1243 5275 atqua
1256 5219 1325 5261 aetas
1339 5213 1421 5273 bugd.
1435 5213 1516 5273 volgo,
1537 5226 1616 5273 paena
1628 5217 1696 5259 setss
1708 5212 1816 5272 Gwsov,
1837 5213 1896 5259 delu

269 5306 338 5349 setus
349 5316 393 5362 epo
496 5302 622 5362 subpatrts
638 5300 823 5362 Vsumlagd.
932 5299 962 5348 11
981 5302 1054 5349 abste
1072 5299 1259 5359 Vsumlmpd.
1368 5298 1399 5347 16
1418 5304 1530 5360 tempora
1546 5298 1715 5358 Νώναις
1736 5301 1894 5358 enatares,

269 5391 299 5435 sst
314 5389 377 5451 stet.)
450 5386 480 5438 18
499 5387 565 5450 quod
589 5388 616 5447 V,
636 5393 698 5450 quot
716 5387 797 5448 Eupd.
905 5387 1026 5435 honorant
1049 5385 1108 5446 Vilr
1127 5385 1175 5434 det.
1196 5381 1240 5447 mi)
1347 5384 1378 5434 19
1397 5385 1482 5446 pulsus
1504 5384 1524 5430 V
1626 5382 1655 5432 21
1676 5383 1812 5444 gemmluts
1827 5382 1848 5429 V
1863 5382 1897 5444 (m

268 5472 430 5539 parietum
535 5473 568 5523 22
588 5469 694 5535 utrique
717 5474 737 5521 V
839 5473 872 5523 25
891 5488 931 5521 me
953 5473 1012 5535 V(e
1029 5469 1068 5520 m²
1085 5475 1112 5520 in
1130 5476 1190 5532 ras.)
1301 5470 1432 5519 obtlmsV
1533 5469 1567 5519 26
1585 5483 1675 5519 meos.
1692 5474 1793 5519 ..tuos
1811 5467 1894 5528 Laud.

269 5560 339 5620 solos
476 5559 544 5622 quod
568 5559 595 5622 V,
615 5565 675 5623 quot
693 5559 775 5620 Laod.
915 5558 946 5608 at
966 5560 1012 5609 lsoe
1034 5558 1059 5619 V,
1080 5557 1124 5606 hos
1145 5557 1247 5607 Gronov
1387 5551 1539 5620 properittor
1557 5555 1580 5617 (s
1596 5569 1625 5604 «e
1642 5560 1657 5604 ἰ
1673 5556 1749 5617 eoas.)
1778 5530 1851 5620 harras
1879 5555 1899 5602 V

270 5643 304 5694 30
320 5645 414 5695 nollint
436 5644 546 5708 Vilps.
564 5645 613 5696 det.
633 5642 677 5709 md
783 5644 815 5694 32
835 5645 961 5707 snbpstrts
985 5644 1082 5693 Vsorr.
1103 5641 1185 5705 teau
