4358 6234
1102 321 1256 380 avsonn

968 704 1033 771 GV.
1062 704 1110 768 IN
1131 702 1390 770 APOLLINEM.

706 880 792 943 Pone
815 897 941 958 areum,
967 876 1093 956 Paean,
1120 878 1306 958 celeresque
1328 875 1466 941 reconde
1490 874 1643 957 sagittas:

791 1001 854 1045 non
876 987 908 1045 te
930 980 1021 1062 virgo
1043 978 1145 1063 fugit,
1170 979 1229 1045 sed
1250 987 1307 1045 tua
1328 981 1394 1045 tela
1415 978 1517 1043 timet.

981 1322 1063 1389 cvl.
1098 1322 1144 1386 IN
1167 1322 1384 1387 DAPHNEN.

705 1496 817 1561 Invide
841 1516 896 1560 cur
918 1514 1072 1580 properas
1096 1501 1203 1560 cortex
1226 1493 1351 1577 operire
1375 1492 1539 1576 puellam?

705 1602 817 1666 laurea
839 1598 974 1665 debetur
996 1597 1141 1680 Phoebo,
1168 1597 1197 1663 si
1219 1596 1310 1680 virgo
1333 1602 1479 1680 negatur.

963 1941 1062 2006 CVII.
1088 1940 1134 2004 IN
1158 1937 1410 2004 SCABIOSVM.

707 2114 917 2179 Thermarum
938 2112 973 2177 in
995 2109 1075 2176 solio
1098 2111 1127 2175 si
1149 2110 1221 2194 quis
1244 2109 1435 2194 Polygitona
1458 2109 1538 2175 vidit

706 2218 816 2281 ulcera
837 2216 1049 2281 membrorum
1072 2214 1180 2280 scabie
1203 2213 1382 2298 putrefacta
1405 2212 1582 2292 foventem,

707 2318 891 2405 praeposuit
913 2317 1036 2384 cunctis
1059 2317 1244 2403 spectacula
1265 2316 1346 2382 talia
1368 2316 1465 2381 ludis.

707 2421 863 2506 principio
887 2421 1032 2486 tremulis
1055 2419 1241 2504 gannitibus
1264 2427 1342 2483 adra
1364 2420 1473 2503 pulsat

643 2549 655 2586 a
708 2525 871 2607 verbaque
894 2523 1031 2590 lascivos
1054 2523 1257 2590 meretricum
1279 2522 1439 2587 imitantia
1461 2530 1571 2588 coetus

709 2627 815 2692 vibrat
836 2634 869 2692 et
890 2627 1048 2692 obscenae
1072 2646 1220 2691 numeros
1243 2624 1418 2709 pruriginis
1438 2625 1565 2711 implet.

710 2730 860 2796 bracchia
882 2729 999 2795 deinde
1021 2737 1106 2795 rotat
1127 2731 1216 2795 velut
1238 2729 1356 2795 enthea
1379 2729 1534 2795 daemone
1557 2730 1707 2797 Maenas:

710 2842 822 2918 pectus
845 2853 937 2899 crura
960 2834 1045 2899 latus
1069 2840 1213 2900 ventrem
1236 2833 1359 2897 femora
1380 2833 1517 2915 inguina
1539 2853 1632 2899 suras

710 2944 833 3020 tergum
857 2936 943 3000 colla
964 2956 1092 3001 umeros
1115 2937 1224 3001 luteae
1246 2935 1470 3020 symplegadis
1492 2942 1637 3017 antrum,

710 3048 774 3106 tam
798 3039 927 3105 diversa
949 3039 1028 3105 locis
1050 3059 1136 3122 vaga
1158 3039 1344 3104 eamidcina
1366 3046 1528 3122 pererrat,

710 3144 811 3209 donec
832 3151 1027 3209 marcentem
1050 3143 1148 3208 calidi
1171 3142 1295 3207 fervore
1319 3142 1439 3207 lavacri

710 3247 849 3312 blandus
873 3245 964 3313 letali
987 3247 1091 3310 solvat
1113 3244 1284 3311 dulcedine
1308 3246 1449 3311 morbus.

711 3350 861 3415 desectos
884 3350 932 3417 sic
953 3351 1040 3416 fama
1062 3350 1166 3430 viros,
1196 3349 1250 3414 ubi
1275 3367 1368 3414 cassa
1390 3349 1490 3414 libido

712 3454 867 3519 femineos
889 3462 1000 3520 coetus
1023 3461 1055 3520 et
1076 3473 1140 3518 non
1162 3472 1222 3519 sua
1244 3452 1333 3518 bella
1354 3452 1501 3536 lacessit,

645 3584 657 3621 a
710 3558 802 3622 irrita
824 3565 940 3624 vexato
963 3576 1149 3623 consumere
1173 3556 1294 3639 gaudia
1317 3557 1418 3640 lecto,

711 3661 842 3726 titillata
864 3661 955 3727 brevi
977 3681 1047 3726 cum
1071 3661 1136 3726 iam
1160 3660 1218 3724 sub
1241 3659 1304 3725 fine
1328 3659 1476 3745 voluptas

712 3765 816 3829 fervet
837 3770 870 3828 et
891 3762 1012 3828 incesto
1036 3763 1164 3848 peragit
1186 3762 1327 3828 ludibria
1349 3781 1467 3827 morsu.

712 3866 839 3951 torpida
860 3885 923 3930 non
945 3866 1041 3931 aliter
1063 3866 1232 3951 Polygiton
1255 3866 1398 3930 monrbra
1420 3865 1552 3931 resolvit

713 3976 761 4050 et,
789 3970 866 4050 quia
887 3969 1044 4035 debentur
1066 3989 1219 4054 suprema
1241 3968 1370 4053 piacula
1392 3968 1494 4047 vitae,

629 4097 658 4138 ro
712 4072 754 4136 ad
777 4072 1049 4156 Phlegethonteas
1073 4091 1145 4137 sese
1167 4072 1232 4136 iam
1256 4079 1428 4156 praeparat
1451 4072 1565 4137 undas.

463 4392 516 4444 GV.
558 4391 567 4441 1
590 4393 646 4440 lur.
667 4391 702 4438 vl
724 4387 772 4439 172
790 4401 864 4450 pereo
881 4400 974 4449 precor,
995 4387 1086 4445 Paean,
1107 4391 1133 4435 et
1151 4391 1188 4446 tu,
1210 4387 1263 4445 dee,
1285 4399 1349 4448 pone
1368 4386 1470 4446 seglttes

465 4477 545 4528 cun.
583 4478 599 4527 9
618 4476 691 4526 Mart.
712 4476 748 4524 xl
768 4474 811 4537 99,
831 4473 846 4521 5
865 4475 964 4534 gemine
981 4473 1141 4536 symplegada
1159 4473 1209 4520 enli

464 4770 514 4820 CV.
554 4772 583 4819 ln
604 4771 748 4832 Apollinem
767 4768 809 4827 M,
838 4767 878 4815 Ad
897 4767 1041 4829 Apollinem
1065 4767 1096 4814 de
1122 4767 1228 4830 Daphne
1255 4766 1348 4827 (puella
1365 4765 1424 4814 add.
1445 4765 1561 4828 Ecclyo)
1590 4768 1705 4828 fugiente
1727 4763 1842 4831 T(m²]vE
1857 4769 1945 4829 colpe,
1975 4770 2014 4817 De

379 4857 500 4919 Apolline
518 4866 544 4905 et
561 4857 593 4905 do
612 4855 718 4917 Daphne
736 4854 822 4916 puelle
840 4855 954 4914 fugiente
972 4850 1042 4901 rrrrrc2
1147 4853 1158 4903 t
1179 4850 1274 4920 Paean]
1291 4867 1399 4916 pennam
1420 4853 1441 4899 Τ

465 4941 530 4990 CVI.
569 4944 598 4990 In
617 4942 749 5004 Daphnem
768 4937 801 5000 bl,
832 4942 870 4990 De
888 4941 994 5002 Daphne
1012 4944 1080 4988 tecte
1097 4942 1188 4989 cortice
1209 4937 1310 5006 lellg¹
1337 4942 1436 4988 nuttam
1454 4941 1542 4988 lemme
1561 4939 1596 5003 M,
1626 4941 1664 4989 Ad
1683 4941 1815 5003 corticem,
1835 4955 1886 5003 qno
1904 4942 2014 5004 Daphne

378 5031 509 5089 tegebatur
526 5027 609 5089 Lapd.
629 5029 701 5088 velpe
822 5027 928 5076 Plnlunt
946 5028 1123 5090 epigrammate
1146 5027 1166 5074 Τ
1182 5029 1210 5075 tn
1226 5041 1277 5087 ηιμ.
1297 5028 1374 5076 minio
1495 5028 1605 5077 Aneonll
1624 5028 1711 5076 Peontl
1728 5033 1817 5090 poetae
1834 5028 1940 5077 disertis
1958 5031 2015 5091 epi·

382 5119 542 5174 grammatea
562 5116 688 5162 Liber-1·
708 5113 778 5162 Plnlt
796 5113 820 5159 Ε

465 5201 544 5251 evu.
583 5203 613 5248 ln
632 5202 772 5250 scabiosum
787 5198 822 5259 Μ,
843 5200 873 5247 ln
887 5202 1024 5250 rublorum
1037 5201 1206 5261 Polygitonem
1221 5200 1401 5262 (Poligytonem
1418 5200 1446 5259 P}
1467 5199 1553 5248 ulnus
1562 5201 1643 5261 volpe,
1663 5200 1844 5264 Impellgonnm
1857 5196 1893 5260 οἳ,
1915 5201 1946 5250 lu
1965 5201 2014 5250 Po·

378 5286 517 5345 lygitonem
535 5288 578 5347 qut
597 5288 677 5336 multe
695 5288 777 5335 seeble
795 5288 935 5334 merebatur
952 5303 967 5334 e
1074 5286 1140 5345 llet
1155 5286 1195 5348 18)
1214 5286 1350 5349 poligitona
1370 5285 1404 5348 M,
1425 5287 1603 5348 poligytoneP
1707 5285 1776 5350 2l⁰²
1791 5287 1830 5350 18)
1853 5289 2014 5337 menbrorum

380 5371 408 5419 Μ
512 5371 717 5436 3proposnltT
819 5372 938 5422 bmetns
959 5373 985 5434 Τ,
1006 5379 1077 5422 ectus
1097 5373 1127 5420 Μ
1228 5372 1361 5421 lbreebie
1379 5387 1401 5421 ω
1506 5369 1581 5439 rotet]
1599 5374 1726 5423 ulbretl'
1828 5373 2016 5423 Mnemon?

379 5456 531 5506 9hnmeros
550 5473 572 5507 ω
677 5459 802 5507 lueteeT
904 5460 1065 5521 simplegedln
1083 5460 1134 5507 ΤΜ
1239 5458 1269 5508 12
1287 5460 1408 5508 laetaliP
1515 5458 1546 5508 14
1565 5459 1737 5510 foemineeeT
1841 5467 1917 5511 cetus
1932 5460 1983 5509 ΤΠ

380 5544 485 5591 lacescit
505 5543 526 5590 Τ
665 5544 696 5594 15
715 5559 887 5595 consummare
907 5546 928 5592 Τ
1065 5544 1097 5596 16
1115 5548 1207 5595 titilrte
1228 5547 1248 5593 Τ
1387 5545 1415 5596 11
1435 5548 1538 5607 ingestu
1559 5546 1590 5610 Τ,
1609 5548 1707 5607 ingesto
1724 5552 1772 5596 eet.
1789 5560 1854 5597 eon.
1873 5547 2016 5599 &m

381 5626 413 5676 18
431 5628 531 5690 turpida
551 5627 608 5691 ΤΜ,
631 5631 715 5693 turpia
730 5646 750 5696 χ
767 5633 848 5691 colec,
869 5632 965 5693 torpide
983 5631 1107 5679 Baehrens
1213 5631 1244 5680 to
1263 5646 1312 5694 qna
1331 5632 1358 5680 Μ
1462 5631 1496 5683 20
1514 5635 1676 5695 flegetonteee
1696 5632 1747 5681 ΤΠ
1851 5634 2016 5698 papus
