4358 6234
843 331 1088 386 Pultnrlrxiln
1109 333 1195 395 (XVJ.

664 657 719 723 12.
743 657 953 723 AVSONIVS
978 658 1197 722 PARVVLVS
1221 657 1371 722 FILIVS.

538 828 610 893 Non
633 849 694 911 ego
716 836 748 893 te
769 828 913 894 infletum
936 830 1069 895 memori
1091 830 1248 895 fraudabo
1272 830 1433 912 querella.

625 932 762 1017 primus,
790 939 881 1014 nate,
908 953 979 997 meo
1002 934 1128 997 nomine
1152 933 1236 998 dicte
1258 954 1348 1017 puer.

538 1055 702 1099 murmura
723 1056 817 1119 qnem
841 1037 953 1120 primis
975 1037 1182 1101 meditantem
1205 1037 1374 1102 absolvere
1398 1036 1520 1116 verbis,

623 1138 741 1204 indolis
765 1147 798 1203 at
820 1140 937 1223 plenae
961 1140 1144 1223 planximus
1167 1140 1323 1223 exequiis.

472 1263 484 1298 r·
538 1248 571 1305 tu
595 1242 716 1322 gremio
739 1242 772 1306 in
795 1243 905 1326 proavi
929 1244 1026 1307 sunus
1050 1264 1215 1308 commune
1238 1245 1378 1314 locatus,

625 1344 779 1409 invidiam
803 1346 917 1410 tumuli
941 1367 980 1410 ne
1004 1352 1151 1429 paterere
1175 1347 1232 1410 tui.

694 1617 749 1684 13.
773 1620 939 1685 PASTOR
961 1620 1100 1686 NEPOS
1123 1621 1182 1683 EX
1206 1620 1331 1684 FILIO.

536 1793 585 1856 'lu
608 1813 734 1876 quoque
757 1798 915 1873 maturos,
941 1813 1021 1875 puer
1043 1792 1218 1869 inmature.
1246 1792 1373 1857 dolores
1705 1807 1751 1854 tto
1773 1809 1826 1867 (οι)

622 1897 779 1981 erumpis,
806 1897 919 1960 maesti
944 1897 1048 1961 luctus
1072 1898 1209 1960 acerbus
1232 1896 1302 1975 ari,

536 2000 649 2063 Pastor
672 2020 744 2063 care
768 2019 885 2083 nepos,
913 2020 987 2084 spes
1011 1999 1102 2063 cuius
1125 2007 1212 2064 certa
1236 1998 1296 2062 fuit
1319 2018 1384 2075 res,

623 2102 772 2188 Hesperii
796 2104 896 2186 patris
919 2103 1015 2167 tertia
1036 2103 1224 2187 progenies,

536 2206 680 2287 nomine,
707 2207 793 2288 quod
816 2226 911 2271 casus
935 2206 1085 2287 dederat,
1111 2208 1188 2289 quia
1211 2205 1320 2270 fistula
1343 2205 1478 2290 primurn

622 2311 783 2393 pastorale
807 2310 908 2374 melos
932 2310 1093 2375 concinuit
1115 2310 1235 2392 genito.

536 2433 606 2477 sero
629 2413 827 2479 intellectum
851 2414 936 2479 vitae
961 2415 1066 2478 brevis
1089 2421 1330 2496 argumentum.

623 2518 753 2601 spiritus
776 2516 896 2581 asilatis
919 2518 1005 2599 quod
1029 2517 1113 2600 fugit
1135 2538 1152 2582 e
1176 2516 1320 2581 calamis.

536 2619 657 2683 occidis
680 2620 817 2684 emissae
842 2640 1014 2703 percussus
1040 2620 1179 2704 pondere
1204 2629 1324 2697 testae,

621 2723 739 2789 abiecit
760 2731 843 2788 teoto
866 2745 963 2806 quam
986 2744 1100 2788 manus
1124 2723 1266 2789 artificis.

535 2845 597 2888 non
621 2825 682 2890 fuit
704 2826 835 2890 artificis
858 2847 972 2891 manus
995 2827 1093 2892 hacc:
1121 2848 1234 2892 manns
1256 2828 1315 2892 illa
1339 2828 1460 2892 cruenti

621 2936 709 2994 certa
732 2930 794 2994 fuit
816 2930 891 3009 fati,
922 2931 1126 3014 suppositura
1150 2951 1250 2995 reum.

534 3031 616 3111 heu,
644 3052 728 3114 quae
751 3040 825 3098 vota
848 3033 943 3113 mihi,
970 3054 1053 3115 quae
1075 3035 1196 3117 rumpis
1219 3033 1355 3116 gaudia.
1386 3035 1511 3097 l'astor!

619 3136 678 3200 illa
701 3157 806 3200 meum
830 3137 922 3220 petiit
945 3138 1055 3219 tegula
1078 3137 1177 3200 missa
1200 3144 1308 3220 caput.

534 3239 661 3322 dignior
683 3262 717 3320 o,
746 3247 873 3305 nostrae
896 3261 1042 3323 gemeres
1066 3240 1120 3322 qui
1145 3241 1210 3304 sata
1234 3249 1383 3304 senectae

620 3351 653 3406 et
674 3363 842 3425 quererere
866 3363 955 3408 meas
978 3351 1120 3408 maestus
1143 3344 1185 3407 ad
1209 3344 1378 3426 exequias!

721 3617 777 3682 14.
801 3619 918 3683 IVLIA
942 3619 1135 3682 DRYADIA
1159 3619 1309 3684 SOROR.

534 3790 567 3853 si
591 3810 656 3873 qua
679 3790 739 3855 fuit
762 3791 880 3867 virtus,
909 3799 1040 3875 cuperet
1061 3811 1156 3872 quarn
1181 3791 1300 3855 femina
1324 3791 1464 3876 prudens
1685 3803 1727 3851 rrr
1751 3804 1822 3862 (riq

621 3914 692 3958 csse
716 3914 826 3972 suam,
853 3914 941 3958 soror
964 3895 1024 3958 lrac
1048 3894 1194 3978 Dryadia
1217 3895 1360 3960 eminuit.

532 3997 609 4079 quin
633 3997 728 4062 etiam
752 3999 870 4062 multas
894 3998 1023 4062 habuit.
1051 4018 1131 4079 quas
1156 4018 1253 4062 sexus
1277 3999 1396 4062 habere

620 4101 729 4164 fortior
752 4106 877 4184 optaret
900 4101 1115 4183 nobilitasque
1139 4101 1259 4165 virum:

467 4225 479 4262 a
532 4204 627 4268 docta
649 4204 728 4268 satis
751 4204 913 4286 vitamque
937 4205 1007 4268 colu
1031 4205 1213 4287 farnanrquc
1237 4205 1337 4281 tucri,

619 4306 713 4371 docta
736 4307 835 4371 bonos
858 4328 962 4372 mores
986 4308 1058 4391 ipsa
1081 4327 1220 4389 suosque
1243 4309 1379 4372 illucens:
1478 4385 1482 4391 ⁵

286 4545 334 4601 12·
371 4550 385 4597 3
404 4552 437 4599 ci.
458 4551 521 4598 xm
539 4551 563 4612 2,
586 4552 632 4605 it&
655 4551 728 4598 Xllll
749 4552 763 4599 1

285 4631 334 4686 18.
370 4635 385 4684 3
404 4637 492 4695 Quint.
506 4639 527 4686 l.
542 4638 570 4686 0.
586 4639 629 4685 Vl.
644 4638 755 4685 Prooom.
773 4638 803 4685 iil
822 4639 869 4684 iarn
885 4675 889 4684 .
908 4673 914 4685 .
930 4675 935 4685 .
955 4644 1059 4685 certos
1078 4652 1105 4685 ac
1118 4639 1271 4686 deformatos
1284 4641 1381 4687 fructus
1394 4639 1537 4686 (intenderat
1644 4637 1672 4685 il
1693 4637 1728 4697 cs.
1744 4638 1819 4685 schol.

196 4722 270 4770 Ouid.
290 4723 328 4770 lb.
348 4721 399 4772 302
412 4723 443 4771 E.

286 4803 335 4858 14.
372 4809 482 4869 5Vorg.
503 4811 567 4856 Aen.
591 4810 651 4857 Vlll
671 4811 721 4859 los
734 4824 788 4872 sqq.
809 4812 849 4859 cui
869 4812 972 4858 tolerare
991 4813 1042 4858 colo
1062 4813 1137 4858 uitam
1158 4849 1163 4860 .
1181 4849 1186 4859 .
1205 4848 1210 4858 .
1232 4813 1377 4873 impositum
1398 4847 1465 4869 ...‚
1487 4820 1582 4858 metum
1608 4818 1636 4856 ut
1661 4823 1759 4856 seruare
1777 4825 1822 4857 cu·
1862 4827 1869 4835 “

197 4894 246 4941 bile
264 4895 377 4954 coniugis
394 4930 402 4945 .
420 4931 425 4943 .
443 4932 449 4944 .
471 4896 550 4956 possit

239 5033 329 5040 ...-.--
361 5034 393 5039 .-
419 5034 463 5039 ..--.
489 5033 608 5043 -..‚...,.,

284 5112 335 5168 12·
370 5118 385 5167 4
405 5125 432 5166 et
443 5133 509 5181 pene
527 5120 552 5178 l',
574 5125 600 5166 et
611 5120 685 5180 plene
698 5118 788 5181 Lepci,
809 5126 836 5167 et
849 5122 937 5182 plenae
952 5121 1047 5175 Donat,
1067 5129 1093 5169 at
1104 5123 1143 5168 vel
1156 5128 1185 5169 ut
1197 5122 1286 5184 planae
1302 5122 1355 5167 rou
1461 5122 1576 5182 exequiis
1595 5121 1613 5165 V
1626 5122 1643 5181 {i
1657 5123 1702 5168 alt.
1717 5135 1746 5168 ιτ
1758 5123 1778 5180 ο)

285 5199 336 5255 18.
371 5188 504 5267 linriplu
527 5205 552 5266 V,
573 5219 604 5254 on
625 5206 722 5266 rumpis
741 5206 866 5267 Halmius,
888 5210 999 5269 erumpis
1018 5221 1075 5269 09⁰3
1096 5224 1131 5256 on
1149 5214 1245 5255 maturo
1265 5207 1420 5257 ...dolore
1438 5208 1580 5269 inrumpis?
1616 5262 1623 5271 .
1694 5204 1823 5254 Sirrnxtls

199 5290 316 5339 lidorius
456 5291 488 5340 10
506 5297 555 5354 qni
580 5292 600 5339 V
619 5293 642 5353 (-
660 5288 705 5353 ιη’]
844 5292 869 5341 ll
892 5296 1023 5342 artitlcima
1045 5295 1066 5339 V
1084 5295 1193 5355 lanificis
1210 5290 1257 5354 m²l
1392 5292 1455 5356 lice*
1472 5275 1511 5341 eii
1534 5295 1555 5341 V
1578 5294 1626 5353 (cst
1643 5296 1759 5355 exposuit
1776 5290 1820 5354 ml]

198 5376 230 5427 12
247 5373 410 5440 suppositura
432 5378 453 5425 V
557 5377 588 5427 16
607 5369 735 5440 “sequias
757 5379 778 5424 V

283 5459 332 5514 11.
367 5465 470 5513 ΒοίιάΙι
493 5465 513 5510 V
615 5463 745 5514 2driadia
763 5479 812 5514 non
833 5466 971 5527 (driadiana
988 5464 1034 5530 m²‚
1053 5463 1092 5516 ποθ
1108 5465 1198 5517 aa&
1215 5479 1268 5515 uon
1285 5464 1345 5529 aa.)
1365 5467 1420 5515 ruit
1433 5466 1461 5526 V,
1482 5464 1593 5527 Dryadia
1609 5467 1704 5516 enituit
1723 5465 1824 5515 (loom

196 5548 276 5610 culpo,
297 5550 342 5599 Dr.
362 5551 472 5599 eminuit
488 5563 547 5611 ιρος
567 5565 602 5598 aa
619 5551 683 5599 hane
700 5552 746 5601 Dr.
765 5553 884 5611 emeruit,
904 5553 972 5615 quod
988 5556 1092 5603 mauu
1108 5552 1242 5603 Humi
1260 5550 1298 5608 «Ι.
1316 5554 1361 5603 Μ.
1378 5554 1413 5600 82
1433 5550 1496 5600 m
1511 5551 1555 5617 22,
1575 5554 1610 5603 Ἀ
1745 5553 1760 5604 4
1778 5554 1824 5601 ob·

194 5633 306 5682 turotl'
407 5634 788 5699 tauromenitanae
