4358 6234
1011 291 1165 348 AVSONII

611 505 708 549 unum
731 504 847 549 nemen
869 483 1028 566 utrisque,
1056 489 1106 548 set
1127 488 1177 547 est
1199 481 1371 548 discrimen
1394 481 1553 565 utrisque,

696 608 792 671 perna
815 594 850 653 ut
872 586 958 650 mala
980 604 1090 667 voces,
1119 585 1261 650 carmina
1282 605 1359 650 vcro
1381 584 1479 649 mala.

544 713 557 750 s
741 691 815 755 vale
837 688 942 754 beatis
963 708 1079 754 nomen
1102 709 1123 753 a
1144 687 1229 754 divis
1251 688 1384 753 Theon:

741 792 885 858 metoche
910 799 959 858 set
981 792 1046 857 ista
1068 812 1165 877 saepe
1189 797 1367 857 currentem
1390 791 1521 857 indicat.

319 1157 390 1221 Vll.
415 1155 627 1222 AVSONIVS
649 1154 825 1237 THEONI,
852 1155 940 1219 CVM
963 1154 1006 1218 ΕΙ
1027 1153 1237 1218 TRIGINTA
1260 1106 1437 1236 OSTREA,
1464 1153 1661 1219 GRANDIA
1683 1154 1862 1234 QVIDEM,

796 1275 875 1339 SET
898 1273 989 1339 TAM
1012 1271 1152 1337 aneu
1175 1273 1383 1339 MISISSET.

1072 1443 1104 1509 l.

362 1622 625 1704 Expectaveram,
653 1626 687 1683 ut
702 1618 894 1683 rescriberes
916 1618 958 1683 ad
981 1638 1030 1695 ea,
1058 1638 1140 1701 quae
1164 1616 1284 1682 dudum
1306 1617 1491 1683 ioculariter
1513 1618 1653 1683 luseram
1669 1617 1711 1682 de
1726 1617 1908 1682 cessatione
1926 1626 1974 1713 aab

276 1731 330 1788 tua
359 1722 455 1788 valde
484 1722 583 1807 impia
613 1731 645 1787 et
673 1742 746 1786 urea
771 1721 1019 1804 efflagitatione,
1054 1721 1145 1786 cuius
1176 1721 1222 1785 rei
1251 1741 1367 1786 munus
1397 1720 1593 1806 reciprocum
1623 1721 1773 1803 quoniam
1798 1721 1831 1785 in
1854 1741 1907 1786 me
1929 1697 1973 1757 *Vl

275 1827 409 1892 colendo
432 1825 602 1904 fastidisti,
636 1825 768 1889 inventa
790 1825 872 1890 inter
901 1825 1005 1890 tineas
1035 1824 1175 1908 epistula
1198 1831 1323 1906 vetere,
1357 1844 1453 1906 quam
1484 1824 1526 1888 de
1548 1823 1662 1890 ostreis
1688 1831 1721 1888 ct
1750 1823 1908 1889 musculis

274 1931 426 1994 affectata
455 1928 649 1993 obscuritate
679 1927 904 2010 condideram,
938 1948 1021 2011 quae
1050 1927 1243 1992 adulescens
1272 1934 1393 1993 temere
1423 1926 1587 2008 fuderam,
1621 1927 1686 1990 iam
1717 1926 1826 1990 senior
1855 1946 1908 1990 re-

276 2032 423 2097 tractavi.
472 2031 576 2096 setin
601 2030 738 2096 eundem
762 2030 890 2095 mudum
913 2032 1091 2096 instaurata
1114 2037 1163 2095 est
1185 2030 1315 2095 satirica
1337 2036 1370 2094 et
1392 2029 1528 2095 ridicula
1551 2029 1764 2109 concinnatio,
1791 2030 1940 2094 saltems

276 2142 309 2199 ut
332 2156 415 2199 nune
438 2134 633 2218 respondeas
656 2135 843 2200 notissimae
866 2135 1055 2213 cantilenae,
1083 2134 1137 2215 qui
1160 2134 1252 2199 illam
1274 2134 1433 2200 noviciam
1457 2133 1585 2199 silentio
1608 2133 1841 2198 condemnasti.

1071 2426 1104 2491 2.

612 2601 727 2668 Ostrea
749 2600 881 2663 Baianis
903 2599 1076 2678 certantia,
1104 2618 1187 2682 quae
1210 2598 1410 2663 Medulorum

611 2704 760 2770 dulcibus
782 2704 815 2767 in
839 2703 963 2785 stagnis
986 2701 1077 2767 reflui
1100 2703 1198 2766 maris
1222 2709 1331 2766 aestus
1354 2702 1491 2785 opimat,

611 2808 738 2892 accepi,
765 2807 882 2872 dilecte
905 2806 1032 2886 Theon,
1060 2805 1258 2870 numerabile
1281 2823 1408 2869 manua.

611 2931 721 2976 verum
744 2917 822 2992 quot
844 2908 978 2989 fuerint,
1010 2909 1155 2972 subiecta
1177 2907 1377 2972 monosticha
1400 2906 1545 2989 signant:

611 3022 687 3097 quot
708 3022 757 3078 ter
780 3014 917 3077 luctatus
941 3032 1012 3077 cum
1036 3011 1151 3096 pollice
1176 3017 1328 3094 conputat
1349 3009 1462 3075 iudex:

612 3118 779 3200 Geryones
802 3120 877 3198 quot
899 3121 1006 3192 erant,
1033 3113 1142 3179 decies
1166 3114 1194 3178 si
1218 3114 1489 3197 multiplicentur:

611 3228 659 3285 ter
680 3227 756 3303 quot
778 3225 869 3284 erant
890 3218 1025 3303 Phrygii
1048 3224 1216 3282 numerata
1239 3217 1397 3282 decennia
1419 3216 1499 3281 belli

610 3331 666 3389 aut
687 3324 748 3388 iter
771 3330 804 3387 ut
827 3321 922 3386 solidi
945 3322 1067 3386 mensis
1089 3328 1176 3386 tenet
1199 3320 1379 3403 ignicomus
1402 3320 1476 3384 Sol:

611 3428 759 3492 cornibus
781 3448 802 3490 a
825 3425 935 3510 primis
958 3432 1035 3507 quot
1058 3424 1155 3489 habet
1178 3445 1264 3506 vaga
1287 3424 1427 3507 Cynthia
1449 3432 1573 3488 nectes:

611 3532 741 3612 singula
763 3529 918 3614 percurrit
940 3529 1037 3593 Titan
1059 3536 1134 3611 quot
1158 3528 1253 3610 signa
1275 3527 1408 3592 diebus:

610 3639 748 3717 quotque
771 3632 864 3696 annis
888 3630 1036 3696 sublimis
1058 3631 1128 3713 agit
1150 3650 1210 3694 sua
1233 3631 1365 3695 saecula
1386 3629 1560 3694 Phaenea:

609 3742 686 3817 quot
708 3754 839 3798 numero
862 3754 1017 3798 annorum
1042 3733 1184 3797 Vestalis
1207 3733 1298 3814 virgo
1322 3733 1481 3796 ministrat

611 3837 857 3918 Dardaniusque
879 3857 981 3920 nepos
1004 3856 1104 3918 regno
1126 3844 1202 3919 quot
1225 3837 1356 3920 pretulit
1378 3855 1496 3899 annos:

610 3940 791 4005 Priamidae
814 3947 891 4022 quot
913 3946 1022 4019 erant,
1049 3940 1077 4004 si
1100 3939 1150 4004 bis
1174 3939 1249 4004 deni
1272 3937 1490 4003 retrahantur:

611 4044 723 4126 bisque
746 4044 832 4107 viros
855 4062 1020 4123 numeres,
1048 4044 1102 4125 qui
1126 4043 1193 4107 fata
1217 4042 1413 4125 Amphrysia
1435 4047 1581 4106 servant:

610 4153 686 4229 qamt
708 4147 820 4229 genuit
843 4146 928 4211 fetus
951 4146 1079 4212 Albana
1101 4146 1161 4210 sub
1185 4144 1312 4210 ilicibus
1336 4165 1391 4210 sus

361 4387 964 4450 vrri.1utrensi,llostrcalraimis
1057 4390 1085 4437 13
1106 4391 1178 4450 Verg.
1194 4391 1258 4438 Acir.
1273 4389 1325 4436 1111
1342 4387 1389 4437 163
1403 4389 1597 4449 Dardaniusque
1609 4402 1687 4449 nepos
1778 4387 1809 4437 11
1828 4390 1903 4448 Verg.

273 4477 337 4525 Aen.
361 4478 383 4524 ll
404 4477 452 4524 503
472 4477 652 4538 quinquaginta
670 4477 707 4522 illi
726 4476 841 4537 thalami,
861 4490 917 4537 spes
937 4481 1004 4523 certa
1022 4483 1142 4535 nepotum
1250 4474 1280 4522 lti
1301 4475 1374 4533 Verg.
1395 4476 1456 4522 Aen.
1473 4472 1717 4534 Υ11113111139111
1738 4476 1842 4522 inventa
1859 4475 1906 4521 sub

272 4562 372 4609 ilicibus
391 4577 433 4609 sus

358 4790 525 4849 butriusquc
548 4787 573 4847 V,
605 4787 718 4846 utrisque
741 4786 794 4832 Toll
932 4787 1069 4846 utrinque
1092 4787 1119 4846 V,
1149 4787 1262 4846 antrisque
1285 4785 1339 4832 Tell
1492 4784 1552 4830 bin
1569 4798 1619 4843 inp.
1640 4781 1678 4831 m²
1694 4783 1832 4831 iambicum
1854 4783 1875 4828 V

271 4877 359 4923 beatus
376 4876 402 4935 V,
423 4876 502 4922 beatis
520 4874 637 4920 Heinsius
742 4870 805 4918 tiia
822 4886 871 4930 mp.
892 4869 929 4917 ru2
946 4871 1011 4918 idem
1033 4871 1054 4918 V
1157 4861 1268 4919 meacula
1292 4872 1319 4931 V,
1341 4869 1454 4917 metoche
1473 4871 1582 4917 auratos
1686 4877 1727 4917 set
1747 4870 1772 4931 (d
1791 4866 1839 4930 m2)
1858 4858 1907 4917 'sis

276 4962 294 5022 (i
313 4958 357 5020 mV)
383 4959 403 5006 V
506 4964 622 5006 currente
647 4957 742 5005 Vcorr.
763 4957 830 5032 Scal.

359 5062 414 5109 Vll.
453 5063 583 5109 lemmaiss
599 5061 718 5120 Vl'l'eoni
734 5097 739 5108 .
757 5097 762 5108 .
780 5096 786 5110 .
802 5032 828 5108 {i
844 5058 932 5119 (cimil)
949 5097 954 5108 .
972 5096 977 5108 .
993 5098 998 5107 .
1015 5066 1095 5108 ostrac
1111 5057 1242 5120 (comsn‘l)
1349 5064 1483 5106 settarucn
1499 5058 1634 5106 Mommsen
1741 5053 1770 5107 l.
1809 5056 1907 5106 lesV

273 5151 297 5208 (s
314 5164 343 5195 ss
362 5131 383 5208 a)
518 5147 532 5192 3
551 5147 657 5207 epistola
677 5154 787 5194 ueterem
811 5147 831 5194 Υ
850 5148 882 5205 (ur
902 5145 975 5203 cres.)
1106 5145 1120 5192 1
1140 5122 1269 5194 corrud‘rfa
1291 5146 1310 5191 V
1329 5145 1369 5202 (dc
1387 5142 1430 5205 νηῒ)
1566 5143 1581 5191 5
1600 5144 1700 5191 cuidem
1725 5143 1836 5204 V(eosr.
1856 5140 1902 5202 sss²l

270 5233 285 5280 ti
305 5235 449 5281 notissimae
468 5237 610 5292 corruptam
627 5247 677 5280 csse
696 5232 809 5282 videtur:
831 5237 938 5294 expectes
957 5234 1145 5280 vctrrstiasimac

356 5314 386 5369 ἓ.
425 5317 434 5365 1
457 5320 590 5367 bostresV
692 5318 783 5366 3teou
803 5320 822 5365 Υ
925 5320 1024 5382 lqucd
1042 5319 1104 5380 V(st
1118 5321 1152 5365 sic
1165 5318 1295 5367 duodecies
1306 5318 1466 5379 usqueudo.
1483 5315 1533 5377 la),
1553 5316 1709 5378 qucthspd.
1817 5329 1903 5363 meno·

272 5406 335 5452 stica
357 5405 378 5450 V
479 5404 627 5463 ligationes
651 5404 671 5450 V
774 5403 787 5450 7
807 5406 884 5466 prigli
907 5406 926 5451 V
1028 5404 1100 5453 8ter
1118 5409 1147 5452 ut
1165 5405 1242 5452 eolidi
1267 5403 1297 5464 V,
1322 5404 1371 5451 iter
1389 5409 1417 5451 ut
1435 5402 1508 5451 solidi
1528 5402 1644 5449 Heinsius
1748 5402 1862 5450 liciniis
1885 5401 1905 5449 V

273 5505 300 5554 11
322 5509 391 5570 seton
415 5507 440 5566 V,
461 5506 578 5555 Phaenon
598 5507 666 5555 aens.
776 5505 807 5555 11
826 5507 1008 5556 retrosuturV
1111 5511 1168 5554 onte
1185 5523 1209 5554 v.
1234 5506 1264 5555 15
1282 5520 1350 5554 unus
1368 5523 1392 5553 υ.
1412 5505 1510 5553 videtur
1527 5503 1646 5553 excidisse
1759 5504 1791 5553 15
1808 5468 1899 5567 alitque

273 5591 293 5638 V
312 5593 358 5654 (bis
376 5607 408 5641 ns.
429 5590 490 5655 sse.)
595 5592 732 5652 smpbrisis
754 5593 775 5639 V
792 5594 817 5655 (p
835 5608 864 5641 ss
882 5594 902 5655 1)
