4358 6234
971 335 1201 391 PROOEMIVII.
1860 337 1903 400 LI

275 561 442 644 cipuarum
459 561 611 626 uirtutum
627 560 787 625 Herculis.
822 561 891 626 siue
908 519 1107 645 epyuloyouh.
1135 560 1254 645 ipsius’
1274 557 1458 642 (XXXIII).
1491 559 1525 624 in
1540 560 1681 625 carmine
1697 560 1724 624 V
1741 562 1759 621 2
1776 578 1903 624 versum

272 680 364 746 illum
399 679 566 746 ‘imbrifer
587 687 639 746 ast
660 681 780 746 mensis
802 689 934 764 tumque
957 681 1128 746 december
1150 680 1257 747 adest'
1288 681 1437 761 exbibet,
1470 681 1503 744 in
1534 679 1649 746 ceteris
1678 699 1749 745 cum
1778 686 1802 743 V
1828 700 1904 745 con-

274 802 388 887 spirat,
423 800 470 868 ita
491 809 613 882 tamen,
649 803 770 867 utiam
794 803 994 867 librariorum
1019 808 1198 868 commenta
1220 780 1254 866 in
1275 822 1349 867 eum
1373 800 1463 866 illata
1485 800 1767 886 deprehendantur
1792 801 1844 882 (cf.
1871 821 1900 866 e.

275 925 325 1002 50,
354 924 397 1005 1).
445 922 580 988 contulit
601 923 687 988 hunc
708 923 824 987 librum
847 923 873 986 1.
901 923 940 986 H.
967 922 1123 1002 Nolteffl).

360 1042 511 1108 Ceterum
535 1048 639 1107 utrum
663 1042 805 1108 carmina
827 1042 921 1107 XVII
945 1045 996 1121 29,
1023 1062 1052 1106 e.
1079 1045 1130 1123 49,
1159 1048 1209 1122 50,
1238 1046 1274 1106 71
1301 1043 1334 1106 in
1356 1040 1529 1125 florilegio,
1562 1040 1648 1124 quod
1670 1062 1755 1106 nunc
1778 1041 1905 1126 disper-

274 1182 344 1228 sum
366 1163 399 1227 in
417 1168 537 1229 GBWZ
549 1163 676 1248 legitur,
703 1162 824 1229 fuerint
846 1184 887 1228 an
911 1183 951 1228 ex
973 1162 1086 1228 eodem
1110 1184 1172 1246 quo
1193 1163 1276 1227 illud
1299 1163 1472 1247 archetypo
1495 1162 1633 1228 derivati
1656 1162 1729 1244 siut,
1755 1162 1819 1227 iam
1842 1181 1905 1227 non

274 1281 450 1349 diiudicare
474 1284 558 1350 licet.
1131 1291 1137 1298 “

359 1403 483 1482 Quodsi
507 1426 556 1485 ea,
583 1426 667 1489 quae
690 1406 784 1472 modo
806 1406 1024 1490 exposuimus,
1052 1404 1260 1488 reputaveris,
1288 1404 1461 1487 intelleges
1483 1404 1605 1468 nullam
1628 1404 1756 1469 omnino
1772 1424 1903 1468 causam

277 1524 420 1604 subesse,
448 1546 504 1590 cur
525 1524 719 1609 florilegium
741 1526 825 1591 illud
848 1546 887 1590 ex
910 1525 974 1589 alio
998 1532 1094 1607 atque
1117 1546 1167 1607 eo,
1194 1525 1278 1590 unde
1301 1525 1457 1609 originem
1479 1544 1571 1589 suam
1593 1524 1693 1589 traxit
1713 1524 1901 1601 Vossianus,

273 1646 450 1730 exemplari
480 1644 613 1712 fluxisse
645 1653 834 1712 statuamus.
883 1646 1068 1728 conspirant
1097 1646 1182 1712 enirn
1212 1646 1247 1711 hi
1276 1647 1349 1711 libri
1372 1666 1482 1711 omnes
1505 1644 1538 1710 iu
1562 1645 1657 1711 rebus
1679 1645 1901 1728 gravioribus3

272 1787 356 1850 quae
379 1772 488 1832 autem
512 1767 688 1852 scripturae
711 1766 950 1851 discrepantiae
973 1772 1056 1846 sunt,
1084 1787 1143 1832 eae
1166 1767 1305 1831 librariis
1327 1766 1435 1851 potius
1457 1766 1646 1833 tribuendae
1665 1785 1738 1831 esse
1757 1764 1907 1831 videntur

276 1908 371 1970 quam
395 1908 436 1953 ex
459 1888 562 1953 altera
584 1887 768 1953 recensione
791 1887 986 1953 manavisse.

364 2285 574 2351 Periochae
598 2285 668 2350 solo
691 2285 800 2350 codice
823 2284 969 2350 Parisino
993 2287 1077 2347 85110
1100 2283 1192 2349 nobis
1214 2284 1353 2349 traditae
1377 2290 1460 2363 sunt,
1487 2284 1520 2349 in
1543 2303 1606 2366 quo
1629 2283 1652 2348 i.
1682 2287 1834 2348 lgr-w
1856 2285 1907 2350 in-

274 2411 323 2470 ter
345 2406 470 2471 Ludum
502 2413 534 2471 et
557 2406 681 2470 Paulini
713 2405 756 2470 ad
779 2404 956 2470 Ausonium
986 2405 1141 2490 epistulas
1172 2405 1339 2487 leguntur,
1373 2405 1464 2470 nulla
1485 2412 1593 2470 tamen
1616 2405 1824 2489 inscriptione
1847 2405 1908 2470 ad-

270 2526 364 2592 iecta.
411 2527 492 2592 nihil
522 2526 621 2610 igitur
650 2547 690 2591 ex
721 2547 761 2592 ea
791 2547 841 2607 re,
877 2526 965 2608 quod
985 2525 1111 2590 Ludum
1143 2533 1311 2598 secuntur,
1346 2526 1389 2591 ad
1423 2527 1627 2607 sententiam,
1661 2545 1727 2608 qua
1748 2527 1843 2610 volgo
1865 2528 1907 2591 ab

272 2648 414 2713 Ausonio
444 2666 501 2713 eas
531 2647 692 2732 profectas
721 2667 793 2712 esse
825 2647 1026 2729 statuebant,
1060 2646 1329 2730 comprobandam
1359 2645 1540 2712 redundare
1570 2646 1668 2713 facile
1693 2648 1903 2731 intellegitur,

273 2768 461 2853 praesertim
478 2787 548 2833 cum
564 2768 699 2833 Ausonii
716 2768 872 2852 opuscula
887 2787 950 2832 non
966 2785 1094 2851 semper
1109 2766 1260 2832 continua
1276 2767 1358 2832 serie
1375 2786 1410 2832 se
1426 2767 1460 2831 in
1475 2767 1536 2832 hoc
1551 2767 1632 2832 libro
1648 2769 1824 2854 excipiant;
1850 2789 1908 2834 ve-

274 2889 335 2954 luti
349 2888 434 2954 iuter
447 2909 577 2954 carmen
592 2888 752 2953 XXVIIII
767 2894 800 2954 et
814 2889 934 2954 Versus
949 2887 1121 2971 paschales
1137 2886 1160 2951 i.
1180 2891 1219 2950 27
1242 2887 1355 2953 inserti
1376 2894 1452 2954 sunt
1468 2907 1581 2953 versus
1602 2887 1725 2972 aliquot
1744 2889 1909 2954 Prudentii

279 3009 406 3093 (Apoth.
434 3011 607 3093 782sqql.
650 3009 708 3075 sed
731 3008 940 3074 memorabile
962 3007 1103 3093 proiecto
1126 3015 1183 3088 est,
1211 3008 1297 3092 quod
1319 3008 1352 3072 in
1375 3008 1527 3092 periocha
1549 3009 1682 3074 alterius
1707 3009 1777 3073 libri
1796 3009 1909 3075 iliadis

275 3149 387 3194 versus
416 3130 531 3196 tertius
564 3128 750 3197 ‘Caelestes
773 3130 1000 3212 hominumque
1023 3149 1126 3213 genus
1149 3129 1332 3213 superabile
1356 3129 1454 3195 coris'
1483 3129 1646 3214 conspirat
1668 3151 1739 3194 cum
1763 3152 1817 3208 eo,
1852 3132 1905 3214 qui

274 3260 324 3316 est
347 3251 506 3335 epistulae
521 3251 649 3315 XVIIII
670 3251 802 3334 quintus
829 3253 913 3314 ‘Iam
937 3251 1084 3314 volucres
1106 3250 1334 3331 hominumque
1358 3269 1461 3332 genus
1485 3250 1669 3334 superabile
1685 3251 1796 3315 curis’.
1841 3251 1904 3315 iam

275 3390 345 3435 cum
361 3372 523 3436 Ausonius
546 3372 676 3457 saepius
699 3390 812 3436 versus
836 3390 910 3435 suos
933 3370 965 3434 in
989 3370 1062 3435 aliis
1086 3369 1282 3436 carminibus
1305 3376 1430 3455 repetat
1439 3375 1491 3453 ³³),
1517 3370 1591 3435 inde
1615 3369 1750 3435 fortasse
1770 3371 1905 3453 colligas

274 3490 360 3556 hunc
388 3492 533 3558 libellum
564 3493 606 3558 ad
637 3512 710 3557 eum
733 3491 937 3557 referendum
960 3509 1049 3567 esse;
1085 3490 1143 3555 sed
1166 3490 1264 3555 multo
1287 3490 1354 3555 veri
1378 3490 1511 3555 similior
1533 3490 1611 3554 mihi
1633 3489 1700 3554 alia
1722 3491 1905 3557 coniectura

275 3630 348 3677 esse
371 3611 510 3677 videtur.
557 3613 675 3678 etenim
700 3619 735 3677 ut
757 3611 918 3677 Ausonius
940 3611 978 3674 E.
1005 3611 1130 3676 XVIIII
1151 3615 1159 3672 1
1179 3630 1248 3693 sqq.
1275 3611 1419 3676 Senecae
1441 3610 1474 3674 in
1497 3609 1564 3674 ludi
1588 3610 1629 3675 de
1653 3618 1752 3676 morte
1775 3611 1904 3678 Claudii

280 3752 306 3796 c.
334 3735 352 3795 2
376 3752 489 3798 versus
512 3733 653 3799 imitatus
676 3740 736 3813 est,
763 3734 808 3798 ita
830 3732 1021 3815 Fulgentius
1043 3732 1145 3816 Myth.
1171 3732 1186 3795 I
1210 3736 1355 3814 dlbsqq.
1381 3731 1416 3795 S.
1442 3731 1525 3796 hunc
1548 3730 1682 3797 Ausonii
1705 3732 1808 3797 locum
1832 3733 1905 3798 imi-

276 3853 374 3918 tando
398 3855 566 3937 expressit.
615 3855 700 3920 adde
723 3854 809 3937 quod
831 3853 887 3918 ille
910 3852 1022 3918 eodem
1046 3853 1114 3918 loco
1137 3873 1186 3929 ea,
1214 3873 1297 3934 quae
1320 3853 1482 3917 Ausonius
1506 3852 1647 3917 XXVIII
1671 3857 1701 3933 4,
1725 3855 1743 3916 8
1767 3852 1807 3919 de
1830 3854 1906 3918 Sul-

277 3972 380 4057 piciae
411 3975 566 4058 opusculo
597 3974 694 4055 dixit,
728 3975 849 4040 diserte
872 3973 1044 4057 significat.
1091 3974 1155 4037 iam
1179 3994 1249 4038 cum
1273 3972 1403 4038 dicendi
1426 3992 1528 4057 genus
1550 3973 1582 4037 in
1605 3972 1770 4038 Periochis
1792 3974 1835 4039 ad
1857 3974 1900 4052 id,

274 4113 336 4176 quo
365 4095 556 4178 Fulgentius
588 4115 666 4161 usus
695 4102 759 4175 est,
794 4095 900 4179 potius
930 4114 1025 4175 quam
1054 4094 1096 4159 ad
1118 4094 1339 4158 husonianum
1369 4093 1502 4159 accedat
1531 4100 1563 4158 et
1591 4093 1623 4157 in
1654 4093 1800 4159 Parisino
1831 4103 1905 4159 ante

275 4214 408 4278 Ausonii
432 4214 559 4280 Ludum
583 4215 607 4280 f.
634 4220 767 4279 3'-llr
789 4214 1058 4299 hlythologiarum
1083 4214 1155 4279 libri
1178 4235 1198 4278 a
1220 4214 1393 4296 Fulgentio
1417 4214 1585 4298 conscripti
1609 4215 1768 4297 legantur,
1796 4215 1904 4279 malim

275 4354 345 4398 cum
369 4335 504 4419 Peipero
528 4340 588 4400 314
613 4358 685 4402 eum
710 4336 855 4402 libellum
879 4335 953 4400 huic
974 4335 1125 4400 tribuere.
1174 4335 1232 4400 sed
1263 4343 1296 4399 ut
1318 4335 1499 4400 accuratius
1522 4335 1555 4398 iu
1578 4355 1650 4400 eam
1674 4356 1739 4400 rem
1764 4334 1906 4417 inquira-

276 4475 357 4535 mus,
384 4477 448 4521 uon
472 4456 566 4520 huius
588 4457 649 4521 loci
674 4477 745 4522 esse
769 4456 905 4521 videtur.

360 4850 439 4929 Quo
454 4849 581 4915 iacilius
604 4858 723 4931 autem,
749 4851 865 4935 quibus
888 4850 979 4916 libris
1002 4852 1132 4933 singula
1154 4851 1288 4916 Ausonii
1311 4853 1467 4943 opuscula
1488 4852 1608 4917 tradita
1630 4853 1702 4929 sint,
1732 4851 1905 4933 intellega-

273 4979 341 5052 tur,
368 4991 561 5055 quamquam
585 4971 618 5036 id
643 4972 735 5055 siglis
759 4972 903 5038 codicum
926 4972 958 5036 in
983 4972 1127 5056 margine
1150 4972 1286 5038 adiectis
1309 4972 1503 5055 significavi,
1532 4982 1638 5038 tamen
1661 4972 1815 5050 tabulam,
1842 4993 1906 5054 qua

277 5111 317 5156 ea
340 5111 391 5157 res
413 5091 602 5174 illustratur,
630 5093 819 5175 adiungam:

1388 5312 1410 5351 ,o

360 5386 402 5447 52)
425 5387 490 5435 Cum
510 5388 592 5434 codice
611 5389 686 5446 Regio
705 5391 831 5449 ronspimt
848 5403 924 5449 quam
943 5391 1051 5436 muxIme
1071 5389 1229 5443 Treverlcus,
1260 5390 1302 5450 qui
1322 5395 1360 5435 est
1379 5390 1404 5435 iu
1424 5389 1580 5446 bybliotheca
1598 5389 1696 5445 urbica,
1723 5390 1837 5448 signatus
1856 5402 1905 5436 nu-

274 5488 340 5522 mero
361 5472 435 5535 1464,
458 5489 523 5522 saec.
544 5473 590 5521 XI.
628 5487 678 5535 quo
696 5473 727 5522 de
746 5475 809 5521 libro
827 5477 878 5534 egit
896 5477 924 5523 P.
947 5477 1049 5536 Langen
1068 5478 1094 5523 in
1114 5477 1194 5534 symb.
1215 5476 1306 5536 philol.
1328 5477 1454 5524 Ilounens.
1475 5477 1501 5523 ln
1520 5475 1637 5523 honorem
1656 5474 1683 5522 F.
1706 5474 1838 5523 thschelii
1857 5477 1907 5523 col·

273 5561 339 5609 aa·
357 5574 384 5622 p.
404 5558 464 5611 263.
503 5560 624 5620 leguntur
641 5561 667 5607 iu
687 5562 742 5609 eius
759 5562 777 5609 1.
801 5561 862 5610 1161
879 5563 990 5610 carmina
1007 5562 1082 5612 XVII
1102 5560 1144 5619 ²9,
1165 5576 1188 5609 e.
1209 5560 1243 5611 49
1262 5567 1288 5610 et
1306 5562 1347 5611 511.
1386 5564 1441 5624 ipse
1459 5563 1565 5612 corutult.

360 5643 404 5707 53)
424 5647 457 5695 ci.
478 5646 515 5694 lll
536 5645 568 5694 35
583 5661 620 5708 sq.
641 5652 667 5694 et
686 5646 722 5694 Xl
742 5646 767 5705 2,
789 5646 819 5695 41
834 5662 890 5708 sq.;
911 5648 934 5693 V
953 5646 978 5709 2,
999 5647 1059 5695 9et
1076 5647 1103 5709 9,
1122 5647 1153 5707 93
1174 5648 1210 5697 VI
1230 5648 1243 5695 7
1263 5655 1288 5697 et
1306 5650 1354 5696 Vll
1376 5647 1403 5709 ¹3
1424 5649 1472 5697 XV
1492 5649 1515 5707 4,
1538 5651 1603 5711 itaq.
1624 5655 1651 5696 et
1671 5647 1710 5710 le,
1730 5647 1747 5697 4
1764 5650 1796 5697 ul.

1659 5751 1699 5815 g.
