4448 6226
726 343 970 398 PAREN'l'ALlA
995 344 1077 407 {XVt
1116 344 1373 401 PROFESSORRS
1395 345 1493 405 (XVI).

565 556 578 595 s
631 532 742 598 invida
764 540 815 598 set
835 533 968 598 nimium
991 535 1144 601 Lachesis
1165 542 1336 619 properata
1359 535 1484 619 peregit

719 645 864 722 tempora
887 646 919 703 et
940 639 984 705 ad
1006 659 1118 706 manes
1141 639 1254 717 funera
1276 639 1393 703 acerba
1415 638 1515 704 dedit.

632 741 812 826 prraemissa
834 762 910 825 ergo
933 742 1007 808 vale
1029 763 1204 826 manesque
1227 763 1337 808 verere
1360 750 1542 827 parentum,

718 846 773 929 qui
796 846 915 911 maiore
937 867 1017 911 aevo
1039 847 1159 928 quique
1182 846 1303 912 minore
1326 846 1424 912 venit.

448 1119 504 1184 32.
528 1120 746 1186 POMPONIA
769 1120 925 1185 VRBIOA
948 1120 1198 1186 CONSOCRVS
1222 1120 1339 1185 VXOR
1363 1121 1527 1184 lVLlANl
1550 1121 1769 1186 CENSORIS.

634 1293 674 1357 Vt
696 1292 825 1376 generis
847 1292 943 1369 olari,
970 1300 1113 1358 veterum
1138 1291 1184 1357 sio
1207 1291 1327 1357 femina
1349 1314 1469 1358 morum
1762 1314 1807 1362 rso
1829 1315 1922 1377 (xxx,

718 1397 851 1475 Vrbiea,
880 1396 1029 1461 Censoris
1051 1396 1220 1461 nobilitata
1242 1405 1328 1476 toro,

631 1500 783 1582 ingenitis
804 1500 930 1583 pollens
953 1499 1124 1564 virtutibus
1147 1506 1305 1583 auctaque
1327 1506 1359 1563 et
1380 1499 1468 1571 illis,

716 1623 797 1686 quas
820 1602 929 1667 docuit
951 1602 1107 1681 coniunx,
1134 1622 1214 1684 quas
1237 1610 1383 1686 pateret
1405 1604 1570 1686 genetrix:

565 1727 578 1763 a
631 1725 712 1788 quas
735 1703 847 1770 habuit
869 1706 1047 1787 Tanaquil,
1075 1725 1156 1787 quas
1179 1706 1385 1789 Pythagorea
1407 1707 1556 1783 Theano,

717 1828 863 1892 quaeque
887 1809 957 1873 sine
979 1809 1127 1893 exemplo
1150 1808 1184 1873 in
1208 1809 1276 1874 vice
1300 1809 1412 1874 funeta
1433 1810 1504 1874 viri.

631 1923 663 1979 et
684 1912 742 1978 tibi
767 1913 825 1996 (si)
850 1911 951 1977 satum
975 1912 1021 1977 sic
1045 1921 1227 1996 permutare
1251 1913 1411 1995 dedisset,

663 2010 669 2017 “
718 2016 921 2082 viverethoc
943 2024 1052 2082 nostro
1074 2023 1216 2101 temporo
1240 2017 1363 2082 Censor
1383 2016 1500 2082 adhuc.

631 2128 680 2185 set
701 2141 805 2203 neque
828 2127 861 2184 tu
885 2118 983 2184 viduo
1006 2119 1137 2201 longum
1162 2119 1302 2184 cruciata
1325 2119 1386 2185 sub
1410 2140 1491 2185 aevo

547 2242 576 2280 1⁰
716 2223 860 2307 protinus
883 2228 992 2306 optato
1015 2222 1077 2286 line
1100 2229 1211 2286 secuta
1233 2221 1346 2287 virum.

631 2346 739 2389 aumra
761 2345 845 2389 nuno
867 2324 998 2389 maestis
1021 2324 1153 2389 ferimus
1175 2324 1232 2389 tibi
1255 2325 1341 2390 iusta
1363 2325 1531 2408 querellis¹

717 2449 788 2493 cum
812 2448 931 2510 genero
954 2436 986 2493 et
1008 2428 1092 2493 natis
1115 2447 1266 2493 consocer
1288 2428 1458 2493 Ausonius.

604 2903 720 3000 llVl.
761 2901 1193 2999 OOMMRMORATIO
1226 2901 1616 3000 PROFESSORVM

872 3098 1346 3201 nunnionnuusrvu.

954 3271 985 3336 l.
1011 3270 1262 3336 PRAEFATIO.

631 3427 695 3491 Vos
718 3427 833 3503 etiam,
859 3446 939 3508 quos
961 3427 1052 3491 nulla
1074 3426 1154 3491 mihi
1176 3425 1325 3508 cognatio
1346 3426 1467 3505 iunxit,

717 3537 767 3596 set
790 3530 878 3595 fama
899 3538 932 3595 et
954 3549 1049 3594 carae
1072 3528 1199 3611 relligio
1222 3529 1345 3614 patriae
1468 3584 1472 3594 .

632 3643 664 3700 et
687 3633 827 3700 studium
851 3633 885 3697 in
908 3633 999 3699 libris
1022 3641 1054 3699 et
1078 3632 1192 3698 sedula
1215 3653 1291 3698 eura
1313 3633 1466 3698 docendi.

671 3725 673 3728 ⁵
717 3738 970 3803 commemorabo
993 3737 1080 3802 viros
1102 3744 1201 3802 morte
1225 3736 1311 3801 obita
1333 3737 1487 3802 celebres.

565 3862 577 3899 r,
630 3841 696 3904 t'ors
718 3840 794 3919 erit,
821 3847 856 3905 ut
878 3848 1002 3905 nostros
1026 3860 1137 3905 manes
1161 3839 1207 3904 sio
1229 3839 1361 3905 adserat
1382 3840 1475 3915 olim,

717 3944 865 4028 exemplo
888 3943 996 4028 cupiet
1018 3944 1073 4025 qui
1097 3943 1169 4027 pius
1191 3961 1264 4007 esse
1287 3964 1369 4007 meo.

657 4218 689 4283 2.
714 4219 914 4283 Tlssnulvs
938 4219 1096 4284 VlO'l'OR
1117 4218 1353 4284 MINERVIVS
1377 4220 1558 4285 ORATOR.

630 4374 755 4439 Primus
777 4373 974 4456 Burdigalae
996 4375 1142 4439 columen
1165 4373 1289 4448 dicere,
1317 4374 1469 4439 Minervi.

715 4478 797 4542 alter
819 4477 995 4542 rhetoricae
1019 4476 1215 4555 Quintiliane
1238 4487 1344 4560 togae.

628 4581 781 4646 inlustres
803 4580 963 4663 quondam
986 4601 1049 4662 quo
1072 4589 1279 4664 praeceptore
1302 4582 1430 4646 luerunt

716 4684 1024 4768 Constantinopolis,
1054 4684 1170 4752 Roma,
1199 4684 1315 4749 dehinc
1337 4685 1457 4768 patria.

380 4965 450 5011 xvl.
471 4958 501 5013 2.
538 4964 553 5012 2
572 4965 646 5012 Mart.
668 4965 690 5011 ll
711 4964 753 5024 tto,
775 4962 790 5009 2
809 4964 886 5021 gloria
906 4964 1037 5021 Romanae,
1059 4964 1223 5023 Quintillaue,
1246 4970 1317 5021 togae

379 5221 394 5267 5
414 5222 503 5269 lacesln
527 5222 546 5268 V
649 5211 772 5283 thvinq⁵
798 5221 895 5268 Vcorr.
917 5220 998 5279 Laod.

378 5301 430 5356 82.
466 5290 575 5369 Pdpsnls
599 5310 619 5355 V
738 5308 847 5355 tenluz
869 5308 890 5353 V
1008 5308 1023 5353 5
1043 5308 1203 5368 phitlragorss
1226 5308 1245 5351 V
1266 5308 1290 5365 (h
1307 5323 1345 5367 pr.
1367 5322 1396 5354 es
1414 5310 1428 5354 b
1447 5305 1490 5366 mli
1611 5308 1626 5353 li
1646 5309 1762 5367 exoruplo
1781 5314 1819 5353 cst
1840 5306 1917 5366 ltnpd.

292 5395 363 5453 colpe
469 5407 528 5441 ruera
552 5395 578 5455 V,
602 5397 656 5443 rios
674 5409 717 5454 epo
831 5393 845 5440 ἶ
865 5395 885 5440 si
904 5392 963 5441 cdd.
985 5392 1066 5453 Lupd.
1181 5372 1294 5441 stulu·
1318 5394 1338 5438 l'
1357 5395 1381 5451 (lt
1400 5391 1445 5451 uri-'J
1562 5394 1577 5441 ll
1597 5395 1671 5440 biduo
1695 5394 1714 5439 V
1827 5392 1856 5439 to
1874 5395 1920 5440 ob·

294 5486 345 5526 teto
369 5480 388 5525 V
490 5470 593 5542 seqlnta
616 5482 637 5527 V
738 5479 844 5538 seruisse
863 5481 943 5526 virum
963 5494 990 5525 os
1096 5481 1202 5528 liniunt
1221 5480 1348 5540 parentale
1372 5479 1391 5524 V
1409 5482 1452 5525 tur.
1473 5485 1525 5526 rint.
1547 5481 1573 5525 in
1590 5484 1651 5539 nup.)

379 5565 449 5613 xvi.
489 5566 572 5628 lnelpt
590 5568 788 5613 roumreruorntio
806 5571 849 5613 etr.
878 5567 897 5611 V
1002 5562 1031 5614 l.
1068 5567 1187 5623 ‘lreligio
1210 5565 1229 5609 V

378 5647 409 5702 2·
446 5652 593 5699 Muneribus
617 5653 636 5698 V
739 5650 937 5699 ‘lretlroricsV
