4358 6234
843 328 1055 385 EPISTVLAE
1077 330 1339 396 (ΠΗ-11011111.

527 535 558 578 ss
608 518 741 604 protulit
762 519 795 584 in
820 539 971 585 scaenam
994 528 1071 605 quot
1093 520 1241 587 dramata
1262 522 1470 602 fabellarum,

696 622 854 688 Arcadiae
877 623 983 688 medio
1006 625 1061 706 qui
1082 626 1167 691 iacet
1189 624 1221 689 in
1245 625 1385 707 gremio:

610 726 661 790 vel
684 732 761 808 quot
783 726 947 791 iuncturas
969 729 1166 810 geometrica
1187 728 1290 794 forma
1311 728 1456 794 favorum

696 830 836 894 conserit
857 831 1011 896 extremis
1034 832 1182 896 omnibus
1205 840 1237 897 et
1259 831 1392 898 mediis:

610 940 688 1015 qnot
709 933 803 998 telios
825 933 947 1019 primus
970 954 1122 1000 numerus
1146 936 1298 1018 solusque
1321 937 1490 1019 probatur,

525 1055 556 1098 ao
696 1042 774 1119 quot
795 1057 855 1121 par
876 1043 973 1118 atque
995 1037 1100 1121 impar
1121 1039 1266 1123 partibus
1289 1040 1494 1123 aequiperat,

609 1138 660 1203 bis
683 1147 791 1203 ternos
813 1145 847 1203 et
867 1145 916 1204 ter
938 1139 1030 1204 binos
1054 1139 1108 1222 qni
1132 1141 1270 1206 conserit
1293 1161 1391 1220 unus,

696 1241 753 1323 qui
775 1242 865 1307 solus
888 1241 1022 1308 totidem
1041 1244 1289 1327 ¹congeminatus
1312 1244 1425 1310 habet:

610 1352 686 1428 quot
707 1345 831 1411 faciunt
852 1345 953 1412 iuncti
976 1347 1149 1430 subterque
1173 1368 1335 1432 supraque
1359 1348 1470 1426 locati;

695 1448 749 1531 qni
772 1457 942 1514 numerant
962 1450 1099 1535 Hyadas
1121 1452 1336 1535 Pleiadasque
1359 1452 1466 1517 simul.

694 1655 811 1720 Vrsnle
834 1655 960 1739 collega
982 1656 1100 1721 nobilis
1123 1657 1311 1738 Harmonio,

609 1759 800 1838 Hermonis,
827 1779 923 1842 quem
946 1759 1119 1840 Claranus,
1144 1781 1241 1843 quem
1265 1761 1406 1826 Scaurus
1429 1768 1463 1826 et
1484 1762 1604 1847 Asper,

695 1882 789 1945 quem
814 1862 874 1928 sibi
901 1863 1061 1929 conferret
1082 1865 1181 1929 Varro
1205 1865 1354 1948 priorque
1378 1866 1507 1945 Crates,

609 1967 727 2050 quique
750 1966 832 2032 sacri
854 1967 995 2032 lacerum
1018 1968 1150 2051 collegit
1172 1988 1289 2053 corpus
1311 1968 1458 2048 Homeri,

524 2093 555 2134 ao
695 2071 814 2154 quique
835 2078 928 2135 notas
952 2072 1069 2156 spuriis
1092 2073 1240 2138 versibus
1263 2073 1427 2158 apposuit:

609 2174 784 2258 Cecropiae
808 2193 974 2240 commune
998 2175 1096 2240 decus
1119 2176 1296 2260 Latiaeque
1318 2175 1499 2258 Camenae,

695 2277 785 2343 solus
807 2278 862 2359 qui
884 2278 1000 2343 Chium
1024 2279 1138 2344 miscet
1160 2287 1193 2345 et
1214 2281 1397 2346 Amineum.
1437 2280 1523 2345 vale.

362 2556 497 2620 XVIIII.
530 2553 742 2619 AVSONIVS
765 2554 925 2620 PONTIO
948 2555 1134 2621 PAVLINO
1158 2556 1246 2622 CVM
1270 2556 1367 2620 ILLE
1390 2556 1586 2622 MISISSET
1608 2557 1860 2624 POEMATIVM

402 2675 610 2742 VERSIBVS
632 2675 833 2740 PLVRIMIS
857 2675 915 2741 DE
938 2675 1121 2741 REGIBVS
1145 2679 1204 2741 EX
1226 2676 1503 2754 TRANQVILLO
1527 2678 1772 2744 COLLECTIS.

607 2847 803 2914 Condiderat
823 2848 888 2913 iam
913 2848 991 2913 solis
1014 2867 1113 2930 equos
1136 2849 1286 2915 Tartesia
1308 2849 1408 2934 Calpe

607 2950 825 3033 stridebatque
848 2950 930 3015 freto
953 2950 1048 3014 Titan
1071 2951 1208 3034 insignis
1231 2952 1365 3018 Hibero:

608 3055 671 3119 iam
695 3055 906 3120 succedentes
928 3053 1095 3136 quatiebat
1116 3054 1209 3120 Luna
1230 3055 1398 3135 iuvencas,

608 3159 752 3224 vinceret
775 3164 810 3223 ut
832 3157 982 3222 tenebras
1005 3156 1105 3222 radiis
1129 3159 1217 3223 velut
1239 3158 1367 3224 aemula
1389 3158 1512 3224 fratris:

610 3263 674 3328 iam
698 3262 845 3328 volucres
869 3261 1096 3344 hominumque
1119 3282 1223 3345 genus
1247 3263 1430 3347 superabile
1453 3263 1538 3328 curis

609 3366 794 3431 mulcebant
816 3365 936 3448 placidi
960 3365 1134 3448 tranquilla
1156 3366 1277 3431 oblivia
1300 3367 1419 3430 somni:

609 3469 803 3533 transierant
826 3467 921 3546 Idus,
948 3467 1075 3533 medius
1098 3488 1248 3552 suprema
1270 3469 1448 3535 December

609 3578 752 3657 tempora
774 3577 909 3636 venturo
932 3572 1125 3656 properabat
1147 3572 1279 3655 iungere
1303 3573 1398 3638 Iano:

610 3681 643 3741 et
665 3694 767 3741 nonas
790 3673 933 3739 decimas
956 3675 998 3740 ab
1022 3694 1057 3739 se
1080 3695 1144 3739 nox
1167 3676 1265 3758 longa
1287 3675 1455 3741 Kalendas

527 3799 556 3839 ιο
609 3778 730 3861 iugiter
751 3777 849 3843 acciri
872 3776 1066 3842 celebranda
1088 3777 1130 3841 ad
1153 3777 1238 3842 festa
1261 3779 1402 3844 iubebat.

359 3953 486 4034 Nescis,
513 3962 599 4038 puto,
634 3951 712 4034 quid
735 3952 833 4016 velim
856 3958 902 4015 tot
924 3951 1070 4016 versibus
1093 3950 1212 4016 dicere.
1260 3952 1386 4017 medius
1409 3952 1505 4018 fidius
1527 3974 1632 4036 neque
1655 3954 1726 4037 ipse
1748 3954 1830 4018 bene
1852 3954 1905 4019 in-

273 4056 411 4139 tellego:
445 4063 554 4121 tamen
584 4055 740 4140 suspicor.
788 4055 852 4118 iam
885 4054 988 4138 prima
1010 4073 1072 4118 nox
1095 4060 1165 4118 erat
1187 4060 1262 4119 ante
1286 4054 1372 4119 diem
1395 4077 1512 4121 nonum
1536 4057 1693 4123 decimum
1717 4057 1791 4122 Kal.
1817 4057 1900 4137 Ian,

272 4214 424 4221 --.—-.
442 4215 612 4222 ——...
630 4216 684 4221 .-—

360 4296 393 4346 27
412 4298 485 4348 Mart.
506 4298 531 4347 x
549 4297 592 4357 21,
615 4298 625 4347 1
642 4313 679 4360 sq.
701 4313 764 4360 quse
783 4301 825 4346 vix
844 4298 976 4357 intelleget
993 4298 1049 4360 lpse
1067 4297 1195 4347 Modestus
1215 4306 1241 4346 et
1258 4299 1302 4346 le
1322 4298 1444 4347 Claranus
1572 4299 1604 4348 ³2
1624 4301 1683 4350 Hor.
1704 4300 1757 4350 Set.
1778 4301 1789 4348 I
1810 4298 1849 4358 lo,
1871 4298 1904 4349 2⁴

272 4390 303 4433 nt
320 4385 383 4433 Chio
401 4390 460 4433 nots
477 4386 498 4432 sl
517 4387 652 4433 commixta
671 4385 770 4433 Falerni
789 4390 827 4432 est

362 4472 474 4522 XVIIII.
515 4471 597 4532 lsqq.
617 4471 676 4520 Seri.
697 4472 749 4518 lud.
771 4472 801 4518 de
821 4477 898 4519 morte
918 4472 1003 4521 Claud.
1020 4471 1044 4527 2,
1084 4472 1201 4532 I'ulgent.
1216 4472 1366 4533 Myth.lp.
1383 4473 1433 4522 610
1447 4489 1501 4536 sqq.
1517 4475 1541 4522 S.
1650 4473 1740 4522 Elnv.
1762 4473 1903 4521 Seaxlnl

271 4557 322 4607 279
334 4574 373 4620 sq.
394 4559 438 4606 sed
457 4559 528 4617 longe
547 4557 625 4620 Calpe
643 4558 730 4605 relicte
748 4557 832 4604 audiet
851 4558 976 4604 Herculeo
994 4557 1141 4605 stridentem
1161 4559 1260 4616 gurgite
1278 4560 1355 4606 solem

361 4781 392 4831 15
410 4783 525 4844 protinus
539 4780 568 4828 M
653 4795 792 4843 soqnsmo,
813 4794 888 4828 scens
902 4780 931 4842 T,
951 4786 1107 4829 soensmest.
1198 4781 1307 4830 dramata
1321 4780 1358 4842 M,
1377 4782 1523 4840 drimstso,
1544 4783 1727 4843 dragmataset.
1818 4781 1849 4830 16
1868 4796 1907 4829 sr-

270 4868 375 4917 ehsdlse
390 4867 441 4914 TM
547 4866 577 4917 17
596 4855 683 4917 for‘T
789 4864 820 4914 18
839 4863 875 4932 et]
888 4865 969 4914 sutT
1074 4866 1105 4915 19
1123 4869 1184 4915 ellos
1200 4867 1255 4927 TM,
1270 4868 1345 4916 telios
1358 4873 1413 4924 set,
1428 4868 1507 4916 teleos
1520 4868 1669 4929 Acearstue3
1688 4866 1747 4926 sort.
1762 4869 1808 4928 qni
1820 4869 1902 4929 telios,

271 4956 466 5017 conprobatus?
547 4941 550 4946 ¹
570 4953 603 5003 20
623 4949 711 5018 stqne]
729 4957 773 5000 sut
791 4951 820 4999 M
922 4955 1068 5014 aequiparat
1087 4953 1116 5000 M
1219 4953 1249 5003 21
1270 4969 1295 5017 qr
1311 4955 1436 5015 (=qnis)
1461 4954 1489 5014 T,
1510 4956 1571 5015 qnls
1587 4954 1630 5019 χΕ
1733 4952 1765 5002 2³
1784 4967 1835 5014 qus
1852 4958 1906 5014 post

271 5043 359 5090 subter
376 5056 423 5090 cnr.
450 5041 493 5089 TE
612 5040 645 5088 24
663 5045 779 5088 numerat
797 5039 896 5086 halsdss
916 5038 943 5085 M
1061 5045 1115 5100 post
1133 5057 1158 5089 o.
1179 5039 1212 5088 24
1232 5043 1259 5088 in
1279 5041 1300 5086 T
1320 5041 1370 5099 (adi
1388 5043 1415 5087 in
1431 5056 1482 5100 mp.
1501 5040 1538 5088 ml
1556 5040 1636 5100 deest)
1657 5045 1680 5088 et
1698 5057 1716 5105 χ
1734 5041 1809 5088 unlus
1827 5056 1851 5088 o.
1871 5045 1906 5087 est

271 5130 391 5188 spatium,
409 5126 590 5176 sanaminM
693 5125 725 5173 27
745 5126 852 5173 darsnus
871 5142 904 5183 ω,
924 5126 1045 5174 Claranus
1062 5125 1135 5175 Μαι*
1240 5126 1273 5175 28
1291 5134 1374 5186 gretes
1393 5145 1425 5188 ω,
1445 5127 1531 5175 Crates
1548 5127 1592 5187 Oq.
1700 5126 1730 5174 sl
1751 5126 1907 5189 esmoean

273 5213 307 5262 32
326 5215 479 5262 ammineum
499 5230 520 5261 ω
626 5213 683 5260 nale
701 5211 761 5260 odd.
783 5211 818 5272 M,
839 5227 887 5260 orn.
908 5215 954 5260 cst.
974 5213 1047 5272 noluo

359 5300 467 5347 XVIIII.
506 5301 596 5347 ummo
615 5315 636 5347 m
658 5300 780 5359 (Ausonio
800 5298 829 5344 M
923 5302 979 5358 pest
998 5298 1102 5347 Paulino
1120 5300 1178 5348 add.
1200 5301 1251 5348 llllo
1271 5301 1359 5360 llelplr.
1379 5305 1423 5348 est.
1445 5314 1492 5348 om.
1596 5301 1721 5347 mississet
1739 5302 1856 5360 poematis
1877 5299 1904 5359 T)

273 5385 284 5434 1
306 5399 385 5447 equos
402 5398 451 5435 om.
472 5384 501 5432 M
615 5387 721 5433 esrtssis
742 5385 770 5442 T,
792 5385 968 5445 tartesiacas,
990 5387 1092 5433 tsrtssla
1112 5387 1134 5432 Ε
1250 5384 1265 5434 2
1284 5386 1388 5433 inclinis
1406 5386 1525 5433 Heinsius
1547 5385 1590 5445 [es.
1612 5383 1687 5433 Ouid.
1709 5383 1768 5434 Met.
1789 5385 1829 5432 XI
1846 5384 1905 5444 soll

274 5471 305 5521 10
323 5473 384 5520 seiri
400 5471 421 5518 T
523 5467 639 5537 iubebat]
657 5470 797 5521 nocebitl'
900 5475 955 5531 post
973 5486 997 5519 o.
1016 5471 1046 5519 10
1064 5471 1094 5518 sd
1112 5471 1222 5520 eundem
1241 5472 1360 5519 Pontium
1372 5470 1507 5519 Psnllunm
1525 5471 1595 5529 Tlin
1606 5471 1705 5534 malls*
1810 5469 1838 5520 11
1860 5483 1907 5530 ego

270 5560 337 5607 bens
360 5557 389 5618 T,
408 5558 464 5620 ipse
482 5559 546 5606 bene
565 5556 644 5624 ΜχΕ,
663 5559 728 5606 bens
748 5559 803 5621 ipss
822 5557 911 5617 Delpb.
1033 5558 1148 5618 intelllgo
1167 5572 1188 5606 ω
1316 5556 1347 5608 12
1364 5563 1419 5606 srst
1435 5571 1484 5607 om.
1507 5558 1529 5604 T
1650 5558 1709 5607 Kal.
1729 5557 1782 5606 Isn.
1805 5557 1835 5620 T,
1856 5554 1907 5604 Καὶ

273 5633 334 5693 lsn'
354 5642 389 5707 M,
410 5658 459 5694 om.
479 5659 505 5710 χ,
527 5644 697 5692 lislendsrnm
715 5644 888 5691 Isnusrlsrnm
907 5643 929 5690 E
945 5645 1017 5703 volpe

1646 5746 1701 5796 2³·
