4358 6234
562 345 755 404 APPENDIX
777 350 821 414 (V.
842 349 1026 407 MERVLAE
1044 351 1094 406 ET
1113 350 1276 409 vucuuil
1295 352 1595 420 EPIGRAMMATA).

921 713 979 777 DE
1002 713 1236 781 PENELOPE.

428 882 554 946 XXlll.
604 883 798 948 Intemerata
820 884 924 969 procis
947 891 979 950 et
1000 891 1047 951 tot
1068 893 1196 952 servata
1218 908 1276 971 per
1298 907 1398 952 annos

688 988 816 1066 oscula,
843 987 897 1052 vix
921 987 983 1072 ipsi
1006 989 1135 1072 cognita
1158 990 1366 1055 Telemacho.

602 1088 677 1154 hinc
699 1111 772 1154 mea
794 1091 962 1174 virginitas
986 1091 1110 1157 facibus
1132 1092 1191 1157 tibi
1213 1093 1290 1157 lusit
1312 1093 1447 1158 adultis:

688 1194 768 1259 arsit
789 1202 822 1260 et
841 1195 875 1258 in
898 1195 997 1259 vidua
1020 1196 1163 1280 principe
1187 1216 1282 1261 verus
1304 1216 1404 1261 amor.

536 1315 549 1353 s
602 1314 701 1381 saepe
724 1317 784 1380 ego
806 1297 948 1362 mentitis
969 1299 1086 1363 tremui
1108 1319 1194 1364 nova
1216 1299 1337 1365 femina
1360 1300 1479 1365 somnis

687 1400 845 1484 lapsaque
867 1422 929 1466 non
952 1402 1065 1467 merito
1088 1410 1162 1467 sunt
1183 1403 1260 1467 mihi
1283 1403 1383 1468 verba
1405 1422 1492 1469 sono.

602 1509 634 1567 et
655 1509 761 1568 tamen
784 1503 910 1586 ignotos
933 1505 1021 1570 sensi
1043 1512 1229 1590 experrecta
1251 1505 1378 1571 dolores

689 1615 852 1691 strataque
875 1608 996 1674 tentavi
1019 1609 1106 1674 sicca
1129 1616 1266 1694 pavente
1289 1630 1398 1674 manu.

601 1730 676 1774 nam
699 1709 759 1775 tibi
780 1711 945 1776 anhelanti
969 1731 1182 1796 supremaque
1204 1712 1293 1777 bella
1314 1712 1454 1777 moventi

520 1832 548 1871 ιο
688 1813 795 1899 paruit
815 1813 990 1896 indulgens
1013 1822 1046 1881 ct
1069 1815 1139 1880 sine
1162 1835 1241 1880 voce
1264 1814 1371 1894 dolor,

602 1916 699 1982 dente
720 1917 800 1982 nibil
823 1917 946 1983 violare
968 1917 1053 1997 fero,
1081 1918 1162 1983 nihil
1185 1918 1347 2001 unguibus
1370 1935 1486 1983 ausae:

689 2019 819 2085 foedera
841 2041 915 2086 narn
939 2020 1038 2085 tacita
1060 2041 1141 2105 pace
1164 2020 1289 2105 peregit
1310 2040 1409 2085 amor.

603 2123 741 2208 denique
763 2145 826 2188 non
849 2123 956 2189 aviam
978 2124 1115 2189 tremulo
1138 2123 1278 2189 clamore
1301 2125 1413 2189 vocavi

687 2246 747 2291 nec
769 2225 854 2311 prior
876 2226 1030 2309 obsequio
1053 2246 1147 2291 serva
1170 2225 1308 2292 cucurrit
1329 2245 1421 2291 anus.

520 2348 549 2389 ιτ
601 2330 674 2413 ipsa
696 2329 876 2394 verecundo
897 2329 991 2412 tetigi
1012 2329 1135 2413 pallore
1159 2330 1286 2412 puellas

688 2433 873 2518 impositum
896 2433 997 2500 teneri
1020 2432 1111 2498 lassa
1133 2431 1264 2516 pudoris
1288 2452 1381 2517 opus.

795 2777 853 2841 DE
877 2776 1116 2842 FRATRIBVS
1138 2775 1367 2842 THEBANIS.

413 2946 551 3011 XXIllI.
604 2949 672 3013 Nec
694 2948 816 3031 Stygiis
839 2948 921 3013 lucis
942 2947 1055 3013 ineunt
1076 2968 1136 3013 sua
1158 2946 1289 3013 foedera
1311 2947 1428 3013 iratres

691 3049 984 3135 Oedipodionidas,
1011 3050 1052 3116 de
1074 3051 1190 3116 misero
1213 3051 1255 3115 ah
1278 3050 1399 3115 miseri.

605 3174 744 3235 namque
768 3156 864 3220 etiam
888 3174 929 3219 ex
951 3174 1014 3218 uno
1037 3153 1112 3218 dum
1136 3162 1271 3238 surgunt
1293 3173 1413 3236 aggere
1436 3154 1603 3236 flammae,

690 3257 723 3322 in
747 3256 876 3322 diversa
899 3256 950 3322 sui
973 3257 1137 3322 dissiliunt
1159 3257 1296 3322 cineres.

539 3383 552 3421 ο
604 3359 755 3425 infandos
777 3361 929 3441 iuvenes,
956 3379 1035 3443 quos
1057 3381 1117 3426 nec
1140 3359 1302 3426 discordia
1324 3378 1434 3425 cassos

690 3464 763 3528 luce
785 3463 900 3528 necin
923 3472 1025 3529 semet
1047 3464 1163 3545 linquit
1184 3471 1275 3528 atrox
1297 3463 1435 3528 animus.

605 3574 700 3648 atque
723 3566 844 3630 utinam
868 3574 900 3631 et
923 3566 1052 3632 Thebas
1075 3568 1220 3650 quissent
1243 3565 1392 3650 partirier
1413 3566 1502 3650 ipsas

690 3690 861 3753 regnorum
884 3676 917 3735 et
938 3677 1041 3735 metas
1064 3677 1099 3735 ut
1120 3669 1263 3734 cinerum
1285 3668 1433 3734 nebulas.

271 3865 680 3873 ----.----

355 3984 465 4033 xxiiii.
505 3985 583 4034 hrrth.
606 3984 658 4032 Psl.
680 3984 728 4030 Vll
750 3982 802 4032 336
823 3983 903 4043 (Piso.
924 3983 964 4030 111
984 3981 1025 4041 14,
1045 3981 1060 4030 2
1080 3976 1204 4050 Βιάνορος
1221 3976 1360 4042 Biburohiz

685 4064 821 4124 Οἰδίποδος
839 4064 937 4117 παίδων
957 4062 1032 4134 Θήβη
1050 4064 1144 4135 τάφος·
1165 4062 1226 4116 ἀλλ’
1245 4063 1258 4115 ὁ
1277 4063 1399 4135 πανώλης

751 4150 848 4221 τύμβος
868 4152 905 4203 ἔτι
924 4151 1024 4211 ζώντων
1044 4149 1339 4219 α1ο3οἱνετοιιπολέμων.

681 4237 780 4295 κείνους
799 4232 855 4289 οὔτ’
873 4233 965 4306 Ἀίδης
985 4236 1146 4305 ἐδαμάσσατο
1164 4235 1214 4304 κήν
1230 4231 1364 4308 Ἀχέροντι

750 4325 907 4392 μάρνανται,
926 4322 1018 4374 κείνων
1036 4325 1077 4396 χώ
1095 4323 1176 4392 τάφος
1195 4320 1330 4381 ἀντίπαλος

682 4411 725 4463 καὶ
744 4410 805 4478 πυρὶ
823 4415 872 4482 πῦρ
890 4409 1000 4479 ἤλεγξαν
1020 4409 1139 4462 isaurios.
1178 4410 1199 4461 ὧ
1218 4407 1322 4460 ἐλεεινοὶ

751 4496 856 4559 παῖδες,
877 4496 1026 4564 disciputus
1045 4495 1173 4565 ἁψάμενοι
1191 4493 1318 4563 δοράτωνῑ

270 4581 285 4631 2
305 4583 367 4633 Stet.
389 4585 466 4633 Theb.
488 4587 499 4633 Ι
518 4585 568 4633 313
586 4586 800 4647 Oedipodionides
820 4586 867 4633 illl
887 4584 937 4634 tiu
956 4584 1167 4646 Oedipodionidas
1306 4583 1321 4632 3
1341 4584 1404 4631 Stst.
1427 4583 1503 4632 Theb.
1525 4583 1574 4630 xli
1595 4582 1641 4631 131
1670 4584 1800 4632 exundent
1818 4585 1899 4634 diviso

270 4671 362 4718 vertice
381 4671 494 4719 dammae
600 4671 707 4719 rouo.
728 4672 805 4720 Trist.
827 4672 848 4717 V
868 4671 894 4733 5,
914 4671 947 4720 36
966 4672 1089 4719 scinditur
1107 4673 1133 4718 in
1153 4677 1234 4732 partas
1253 4676 1306 4717 utra
1325 4670 1409 4717 isvilla
1427 4668 1490 4716 dnus
1604 4670 1712 4717 cuvio.
1733 4670 1808 4719 Trist.
1830 4672 1852 4717 V
1871 4672 1897 4725 5.

271 4755 303 4804 35
321 4757 377 4819 ipss
399 4758 448 4804 sibi
471 4757 564 4804 discors
601 4756 665 4806 sut.
687 4758 766 4807 Theb.
789 4758 839 4804 xil
860 4757 910 4807 tls
933 4761 985 4818 rogi
1004 4758 1123 4806 discordis
1263 4755 1277 4804 8
1297 4755 1371 4804 Orld.
1393 4754 1468 4803 Trist.
1488 4756 1511 4803 V
1530 4755 1554 4816 5,
1576 4756 1604 4805 31
1628 4769 1719 4804 sensus
1737 4757 1805 4803 inest
1822 4758 1898 4817 igitur

271 4843 371 4892 nebulis
390 4858 452 4905 quss
470 4844 552 4903 exigit
570 4845 636 4904 ignis

273 5017 378 5023 ——-
395 5017 682 5024 .,———-——·

356 5135 455 5186 xxm.
493 5136 676 5198 ‘stemmatum
693 5142 728 5184 est
745 5143 768 5185 ct
785 5139 902 5198 reliqur'cc
921 5139 980 5184 iusti
996 5132 1128 5196 poimutb‘
1152 5137 1219 5184 ucat.
1247 5138 1307 5195 (sias
1325 5135 1398 5183 dubio
1416 5137 1544 5195 epistulas)
1685 5134 1787 5182 tinxit
1808 5134 1898 5181 Cautes

269 5224 341 5283 volco
453 5223 583 5271 tibridis
605 5222 650 5284 lig.
671 5225 750 5284 volco,
771 5227 796 5271 in
816 5224 892 5271 vidus
910 5223 1030 5270 Heinsius
1142 5223 1284 5270 {riccarius
1301 5239 1318 5269 a
1433 5222 1549 5280 liguoto
1567 5236 1583 5269 a
1695 5226 1828 5283 experects
1852 5219 1895 5279 up.

273 5306 305 5357 to
322 5308 392 5356 dolor
408 5314 553 5369 comptum
569 5309 666 5357 videtur
771 5308 798 5358 11
820 5311 856 5356 nil
874 5311 1003 5369 unguibus
1021 5323 1037 5354 c
1143 5306 1173 5355 15
1192 5309 1246 5369 ipse
1265 5323 1280 5355 u

356 5395 468 5444 xxnu.
506 5395 521 5443 3
540 5403 673 5456 surgentes
696 5395 751 5455 lig,
771 5397 832 5443 dum
851 5401 958 5455 surgunt
975 5397 1073 5455 scripsi3
1095 5408 1214 5454 occepso
1233 5396 1309 5442 etism
1327 5394 1413 5454 Perper
1434 5398 1537 5455 (amato
1555 5392 1695 5453 surgentes]
1804 5391 1820 5440 4
1839 5405 1897 5439 suos

270 5479 391 5529 dislclnut
408 5481 497 5529 Ποιναὶ
516 5483 620 5543 (moto
637 5480 777 5542 surgentes)
883 5484 976 5530 cineris
995 5480 1078 5542 Lupd.
1098 5481 1169 5541 οοὶρο
1274 5479 1391 5530 limatus
1414 5479 1471 5541 Up„
1492 5486 1572 5528 metas
1594 5477 1666 5528 Vm!

1634 5751 1688 5806 :3³⁴
