4358 6234
905 348 1149 404 PAREN'IALIA
1173 349 1256 414 (XV).

604 558 687 622 quae
709 539 768 604 tibi
791 544 943 623 septenos
965 538 1078 604 novIes
1102 546 1153 603 est
1175 540 1262 603 culta
1283 559 1340 623 per
1362 558 1482 604 annos:

524 663 551 703 ro
691 643 810 726 quique
833 643 907 708 aevi
930 641 1021 722 finis,
1047 642 1118 726 ipse
1141 641 1325 725 pudicitiae.

604 745 702 825 baec,
728 745 804 827 quia
827 745 873 809 uti
896 752 999 811 mater
1021 745 1150 810 monitis
1173 752 1206 810 et
1227 766 1336 811 amore
1359 746 1512 827 fovebas,

691 848 850 932 supremis
872 848 973 914 reddo
995 848 1082 914 filius
1104 849 1261 933 exequiis.

536 1161 570 1223 tl.
594 1157 658 1224 CL.
685 1157 942 1225 CONTENTVS
964 1159 1021 1222 ET
1044 1156 1186 1223 IVLIVS
1209 1158 1434 1224 CALLIPPIO
1457 1159 1626 1225 PATRVI.

603 1330 643 1394 Et
665 1337 812 1414 patruos,
840 1331 971 1414 elegea,
998 1350 1086 1395 meos
1109 1330 1313 1396 reminiscere
1336 1339 1451 1395 cantu:
1758 1351 1805 1400 roe
1827 1352 1893 1411 (vu)

690 1432 896 1512 Contentum,
924 1434 1021 1499 tellus
1044 1454 1137 1516 quem
1162 1434 1326 1517 Rutupina
1348 1434 1438 1517 tegit.

603 1557 723 1620 magna
745 1537 794 1601 oui
819 1545 851 1602 et
873 1537 984 1602 variae
1007 1538 1155 1619 quaesita
1177 1538 1315 1622 pecunia
1338 1538 1432 1602 sortis

689 1640 820 1705 heredis
843 1641 931 1705 nullo
955 1641 1081 1705 nomine
1105 1647 1174 1705 tuta
1196 1640 1290 1725 perit.

537 1767 550 1804 s
604 1751 715 1828 raptus
738 1743 823 1808 enim
847 1744 941 1809 laetis
965 1750 997 1809 et
1019 1743 1126 1808 adbuc
1149 1743 1334 1809 florentibus
1357 1744 1451 1809 annis

690 1855 779 1913 trans
802 1867 891 1912 mare
914 1855 947 1912 et
968 1847 1092 1930 ignaris
1115 1846 1267 1911 iratribus
1290 1847 1438 1931 oppetiit.

604 1949 707 2015 Iulius
729 1950 762 2014 in
784 1951 915 2034 longam
938 1950 1089 2034 produxit
1111 1950 1179 2015 fata
1202 1957 1382 2030 senectam,

689 2053 825 2119 affectus
847 2053 974 2118 damnis
997 2053 1302 2131 innumerabilibus,

603 2157 657 2240 qui
680 2156 780 2222 cornis
802 2157 1005 2240 blandusque
1029 2164 1060 2221 et
1082 2175 1194 2220 mensa
1217 2156 1403 2221 commodus
1427 2165 1523 2222 uncta

523 2284 550 2320 ιο
690 2260 828 2326 heredes
851 2261 917 2326 solo
940 2260 1067 2326 nomine
1090 2279 1149 2325 nos
1172 2259 1296 2324 habuit.

604 2364 699 2428 ambo
721 2363 783 2446 pii,
811 2363 902 2428 vultu
927 2363 1066 2444 similes,
1093 2363 1163 2428 ioca
1187 2362 1272 2427 seria
1294 2362 1403 2448 mixti,

690 2466 763 2531 aevi
786 2466 944 2531 fortunam
968 2487 1030 2532 non
1053 2464 1192 2531 habuere
1216 2486 1338 2550 parem.

605 2569 735 2635 discreti
759 2589 952 2651 quamquam
975 2569 1106 2634 tumulis
1130 2576 1162 2634 et
1185 2568 1303 2634 bonore
1325 2568 1455 2645 iacetis,

691 2692 857 2737 commune
879 2673 940 2738 boo
961 2672 1049 2737 verbi
1074 2693 1189 2738 munus
1212 2672 1345 2737 habete:
1373 2673 1459 2737 vale.

633 2982 689 3053 lo.
717 2982 927 3049 ATTVSIVS
949 2981 1145 3048 LVOANVS
1168 2982 1363 3048 TALISIVS
1386 2981 1533 3048 SOCER.

605 3156 668 3234 Qui
690 3175 840 3241 proceres
862 3160 1067 3237 veteremque
1091 3154 1178 3219 volet
1200 3154 1364 3221 celebrare
1387 3162 1533 3221 senatum
1748 3176 1794 3225 ror
1817 3177 1898 3236 (vlu,

692 3260 843 3341 claraque
866 3259 907 3323 ab
931 3263 1044 3322 exortu
1067 3265 1239 3323 stemmata
1261 3258 1475 3341 Burdigalae,

604 3371 699 3445 teque
723 3370 875 3444 tuumque
898 3381 1002 3445 genus
1025 3369 1195 3427 memoret.
1222 3362 1361 3427 Lucane.
1374 3363 1493 3428 Talisi.

691 3466 833 3531 moribus
855 3465 977 3532 ornasti
1000 3465 1053 3548 qui
1077 3471 1202 3530 veteres
1226 3486 1375 3549 proavos.

539 3592 552 3628 o
606 3569 738 3655 pulcher
760 3569 879 3635 bonore
902 3569 984 3640 oris,
1012 3568 1184 3651 tranquillo
1207 3575 1353 3651 pectore,
1380 3569 1497 3648 comis,

692 3671 831 3738 facundo
853 3673 959 3755 quivis
981 3671 1083 3736 maior
1105 3672 1146 3735 ab
1169 3671 1316 3753 ingenio:

605 3783 724 3842 venatu
747 3782 779 3841 et
802 3776 883 3841 ruris
906 3776 994 3840 cultu
1018 3775 1183 3857 victusque
1206 3775 1309 3841 nitore

692 3900 786 3945 omne
809 3899 925 3944 aevum
948 3897 1122 3962 peragens,
1151 3878 1281 3961 publica
1304 3879 1506 3964 despiciens:

606 3983 695 4049 nosci
717 3983 801 4047 inter
822 3982 942 4067 primos
965 3981 1113 4065 cupiens,
1141 3981 1228 4066 prior
1250 4000 1323 4047 esse
1346 4003 1517 4048 recusans.

524 4107 551 4145 ro
692 4085 763 4170 ipse
786 4092 841 4150 tuo
864 4085 977 4149 vivens
1001 4105 1158 4168 segregus
1181 4085 1322 4149 arbitrio.

606 4190 742 4274 optabas
764 4197 798 4254 tu
822 4208 873 4253 me
896 4208 1050 4271 generum
1073 4186 1206 4253 florente
1228 4187 1378 4253 iuventa:

692 4300 803 4377 optare
826 4291 886 4356 hoo
909 4299 1048 4367 tantum,
1077 4311 1139 4355 non
1163 4298 1195 4355 et
1217 4290 1336 4356 habere
1360 4292 1481 4357 datum.

606 4403 681 4460 vota
704 4395 838 4478 probant
861 4394 970 4477 superi
993 4393 1179 4476 meritisque
1203 4393 1346 4459 faventia
1369 4396 1490 4460 sanctis

692 4497 817 4581 inplent
839 4497 922 4573 fatu,
951 4496 1010 4560 viri
1034 4496 1119 4579 quod
1142 4497 1271 4561 voluere
1295 4496 1380 4562 boni.

357 4790 387 4844 V·
423 4794 521 4844 bstut.
543 4793 605 4844 Silv.
627 4794 707 4856 1115,
729 4793 761 4842 23
781 4793 928 4841 florentibus
946 4794 1021 4840 urruis

358 4875 407 4930 li).
445 4879 472 4929 11
496 4881 555 4928 llor.
576 4881 659 4942 Epist.
679 4880 703 4927 ll
723 4881 748 4938 3,
771 4879 819 4928 115
839 4881 941 4927 noronte
961 4881 1065 4926 iuventa

356 5136 439 5201 equa
456 5139 484 5199 V,
504 5151 568 5199 quea
588 5138 670 5198 11911.
777 5140 918 5186 rroblsesset
938 5139 959 5184 V
976 5138 1074 5196 [nobles
1092 5130 1130 5185 os't
1148 5151 1209 5184 corr.
1230 5133 1276 5196 ml)
1386 5136 1416 5184 lo
1435 5124 1554 5198 pudi⁰¹tlc
1579 5137 1647 5191 Vlel
1667 5135 1719 5197 ml,
1740 5152 1755 5198 e
1773 5150 1801 5183 ec
1819 5151 1833 5184 e
1851 5133 1896 5192 νηῒ)

273 5223 301 5273 11
322 5231 351 5273 ut
375 5225 402 5285 V,
422 5226 462 5272 nti
480 5224 562 5284 Laod.
672 5225 702 5274 12
722 5226 864 5287 suppremls
888 5225 908 5271 V

356 5307 388 5362 9.
424 5309 577 5372 CulippioV
680 5310 801 5372 lparuos
818 5313 910 5358 Vcorr.
927 5311 1009 5370 Laod.
1116 5315 1186 5356 entus
1205 5310 1296 5356 Vcorr.
1313 5307 1395 5366 Luyd.
1502 5308 1705 5355 IcorrtemtirV
1808 5314 1900 5369 ruptu-

270 5397 394 5459 prnmv
495 5395 627 5445 cherson
651 5396 712 5458 vo
729 5394 774 5457 ms)
880 5373 992 5445 esulae
1016 5397 1077 5455 up
1095 5393 1140 5456 aar)
1259 5393 1289 5442 ro
1308 5394 1419 5442 *armes
1444 5394 1504 5449 vn
1522 5394 1594 5453 aas.)
1704 5393 1734 5442 ra
1753 5371 1903 5442 'annisu

274 5483 300 5543 (b
318 5486 344 5531 et
361 5495 376 5530 e
393 5479 439 5542 off)

360 5562 607 5631 1005puleerV
685 5568 784 5620 beluis
801 5569 828 5628 V,
843 5566 1067 5631 quorlsBruader,
1083 5566 1217 5628 quivlsoel
1230 5566 1311 5614 cuivls
1324 5565 1447 5615 Βοώτεω
1538 5563 1564 5614 11
1587 5567 1725 5616 obtabusV
1808 5565 1837 5614 12
1856 5568 1899 5615 ob·

271 5653 372 5703 11107
