4358 6234
1006 316 1158 373 AVSONll

607 512 708 597 prime
731 528 848 593 nepos,
874 508 928 573 vel
951 527 985 573 re
1008 506 1059 572 vel
1082 526 1140 591 spe
1162 505 1248 584 mihi
1264 523 1363 589 porge
1386 502 1568 570 fmendnm.

606 634 690 681 nunc
711 632 773 694 ego
795 618 827 678 te
850 630 1006 695 puemm,
1031 629 1104 674 mox
1126 610 1161 674 in
1182 609 1388 676 iuvenalibus
1411 607 1521 690 annis,

606 718 733 800 iamque
755 714 860 780 virum
883 734 1031 796 cernam,
1058 713 1086 777 si
1108 712 1174 779 fors
1196 713 1243 778 ita
1264 712 1409 779 iusserit:
1438 719 1495 778 aut
1517 711 1545 777 si

605 818 727 885 invidia
749 824 816 898 est,
842 819 980 903 sperabo
1001 822 1127 897 tamen,
1154 836 1214 881 nec
1235 824 1311 883 vota
1332 816 1499 897 fatiscent,

606 929 640 990 ut
661 923 761 1007 patris
783 928 881 1004 utque
904 921 969 987 mei
990 941 1054 987 non
1076 921 1231 987 inmemor
1254 919 1356 986 ardua
1379 939 1506 1005 semper

605 1025 750 1110 praemia
772 1043 937 1089 musarum
960 1024 1072 1109 cupias
1095 1023 1254 1089 facundus
1277 1029 1309 1088 et
1331 1022 1408 1104 olim

605 1131 667 1194 bac
688 1127 839 1212 gradiare
861 1129 932 1208 via,
959 1149 1023 1212 qua
1045 1147 1104 1193 nos
1127 1126 1363 1212 praecessimus
1386 1132 1419 1191 et
1440 1124 1493 1191 cui

563 1286 565 1290 .
605 1231 774 1318 proconsul
797 1231 940 1314 genitor,
967 1230 1150 1315 praefectus
1172 1230 1352 1296 avunculus
1374 1229 1507 1295 instant.
1546 1257 1559 1285 ι

538 1361 551 1396 .-,
606 1336 756 1420 perlege,
783 1332 1005 1418 quodcumque
1028 1342 1078 1401 est
1100 1334 1319 1401 memorabile.
1366 1333 1470 1417 prima
1492 1331 1637 1398 monebo.

605 1438 749 1504 eonditor
770 1437 894 1504 Iliados
917 1445 950 1504 et
971 1438 1120 1504 amabilis
1144 1457 1218 1503 orsa
1241 1435 1410 1503 Menandri

605 1540 785 1609 evolvenda
808 1541 883 1607 tibi:
910 1548 945 1607 tn
969 1542 1054 1608 flexu
1077 1549 1110 1607 et
1131 1541 1277 1607 acumine
1301 1540 1389 1606 vocis

605 1648 790 1712 innumeros
812 1665 963 1711 numeros
986 1645 1088 1712 doctis
1110 1645 1295 1711 accentibus
1318 1644 1397 1709 effer

605 1748 818 1830 adfectusque
841 1749 960 1833 inpone
983 1750 1106 1834 legens.
1155 1747 1318 1814 distinctio
1341 1766 1472 1812 sensum

606 1858 707 1934 auget
728 1859 760 1917 et
783 1853 911 1936 ignavis
933 1852 1011 1919 dant
1033 1852 1206 1918 intervalla
1228 1852 1383 1935 vigorem.

607 1954 772 2039 ecquando
794 1955 858 2021 ista
880 1976 973 2022 meae
994 1956 1181 2040 contingent
1203 1955 1288 2021 dona
1311 1960 1484 2021 senectae?

605 2059 734 2144 quaudo
757 2059 868 2132 oblita,
881 2060 960 2125 mihi
982 2066 1029 2125 tot
1050 2060 1192 2127 carmina
1214 2066 1324 2143 totque
1346 2078 1404 2143 per
1426 2077 1541 2123 aevum

606 2182 729 2230 conexa
750 2162 925 2245 historiae,
952 2183 1062 2229 soccos
1083 2165 1265 2246 aulaeaque
1287 2182 1399 2246 regum

607 2274 640 2332 et
662 2264 793 2329 melicos
816 2266 999 2350 lyricosque
1021 2266 1133 2332 modos
1156 2266 1313 2352 profando
1335 2264 1470 2330 novabis

607 2368 822 2452 obductosque
847 2369 917 2435 seni
939 2370 1041 2437 facies
1064 2389 1255 2455 puerascere
1278 2374 1414 2435 sensus?

606 2481 638 2539 te
661 2478 853 2557 praeeunte,
879 2454 1012 2558 nepos,⁸
1026 2475 1193 2540 modulata
1213 2480 1363 2559 poemata
1385 2473 1495 2537 Plaeci

607 2578 844 2658 altisonumque
866 2577 982 2642 iterum
1004 2577 1056 2643 fas
1079 2585 1129 2645 est
1151 2576 1305 2644 didicisse
1329 2578 1502 2642 Maronem.

608 2689 641 2747 tu
664 2698 807 2763 quoque,
833 2680 888 2763 qui
911 2681 1038 2747 Latium
1062 2683 1144 2748 lecto
1167 2701 1329 2763 sermone,
1355 2680 1503 2761 Terenti,

608 2782 709 2849 comis
732 2789 764 2846 et
785 2781 939 2850 adstricto
962 2785 1121 2869 percurris
1143 2785 1269 2869 pulpita
1291 2804 1403 2863 socco,

608 2887 651 2954 ad
673 2907 758 2952 nova
779 2887 834 2951 vin
856 2907 1027 2954 memorem
1051 2888 1198 2955 diverbia
1220 2908 1299 2972 coge
1322 2895 1497 2953 senectam.

607 2994 672 3057 iaru
696 2990 840 3074 facinus,
866 2990 1022 3074 Catilina,
1049 3000 1139 3058 tuum
1162 2991 1341 3077 Lepidique
1363 2990 1550 3072 tumultum,

609 3096 650 3160 ab
674 3094 797 3178 Lepido
819 3100 853 3160 et
875 3094 989 3161 Catulo
1010 3096 1075 3161 iam
1099 3116 1152 3162 res
1174 3104 1208 3162 et
1228 3103 1374 3180 tempora
1396 3095 1517 3160 Romae

608 3219 701 3265 orsus
724 3198 772 3264 bis
796 3217 891 3263 senos
914 3199 1030 3265 seriem
1053 3208 1184 3267 conecto
1205 3220 1264 3285 per
1286 3219 1405 3264 anuos:

609 3304 673 3368 iam
697 3303 772 3385 lego
795 3301 883 3367 civili
906 3302 1038 3368 mixtum
1062 3311 1205 3369 mavorte
1228 3303 1389 3381 duellum,

530 3428 537 3463 τ
610 3407 707 3471 movit
730 3405 815 3488 quod
839 3405 925 3470 socio
949 3406 1108 3472 Sertorius
1130 3408 1204 3472 exul
1228 3407 1359 3473 Hibero.

610 3530 669 3576 nec
690 3508 780 3574 rudis
802 3508 882 3574 baec
906 3530 987 3575 avus
1009 3510 1184 3592 admoneo,
1210 3517 1260 3576 set
1281 3510 1371 3574 mille
1395 3509 1538 3574 docendo

364 3776 397 3824 lb
416 3775 471 3822 lus.
492 3773 529 3821 Xl
550 3771 598 3822 lso
616 3773 726 3819 rorrdltor
745 3770 833 3818 lliados
869 3771 930 3820 Stat.
953 3772 1014 3821 Silr.
1037 3774 1060 3820 ll
1083 3771 1106 3830 l,
1128 3772 1174 3821 114
1194 3772 1317 3820 facundl.
1335 3786 1432 3820 ..orsa
1451 3772 1582 3820 blenandri
1679 3771 1711 3820 48
1730 3772 1796 3820 liell.
1818 3773 1848 3819 N.
1869 3774 1901 3820 Α.

279 3860 351 3921 124,
372 3862 433 3909 liet
451 3861 548 3907 numeri
567 3860 694 3906 innumeri
711 3857 787 3904 simul
806 3869 891 3904 omues
910 3858 1119 3906 conlacrimarunt
1232 3856 1358 3918 stum.
1381 3858 1435 3906 Erl.
1459 3860 1531 3907 l'llll
1552 3857 1583 3905 53
1603 3872 1671 3906 nunc
1688 3859 1765 3906 oblita
1784 3859 1846 3906 mihi
1866 3863 1904 3906 tot

276 3949 386 3995 carnaim
489 3944 524 3993 57
541 3945 597 3993 lov.
618 3944 654 3992 Χ]
678 3942 725 3992 180
738 3957 774 4003 sq.
796 3943 905 3991 Maronis
922 3943 1021 3992 altisoni
1043 3981 1094 3993 ...
1115 3947 1224 3994 carmina
1330 3944 1362 3993 58
1381 3947 1434 3993 fic.
1455 3948 1481 3993 iu
1501 3946 1607 3994 Limone
1625 3960 1664 4007 ap.
1686 3946 1756 3993 Suet.
1778 3946 1822 3992 vit.
1844 3944 1901 3993 Ter.

277 4033 307 4081 R.
328 4049 352 4095 p.
373 4032 405 4081 34
426 4039 454 4080 tn
473 4045 581 4093 quoque,
602 4031 646 4092 qul
664 4029 731 4077 solus
749 4030 814 4077 lecto
832 4042 954 4091 sermone,
975 4030 1098 4079 Terenti.
1116 4032 1277 4094 ..quiddam
1296 4046 1365 4080 rome
1384 4033 1489 4094 loquens
1595 4031 1627 4080 59
1646 4032 1706 4079 Hor.
1727 4032 1809 4093 Epist.
1831 4032 1854 4078 ll
1877 4030 1901 4091 l,

280 4118 326 4167 174
345 4133 420 4180 quam
439 4132 488 4166 non
508 4116 626 4165 adstricto
643 4121 771 4177 percurrat
788 4116 886 4177 pulpita
903 4129 971 4164 socco
1093 4118 1125 4167 62¹
1145 4119 1205 4168 Sall.
1227 4119 1294 4166 llist.
1316 4121 1346 4166 fr.
1368 4119 1379 4166 l
1400 4118 1410 4167 l
1432 4119 1481 4166 D.:
1504 4119 1553 4166 Res
1571 4117 1658 4179 populi
1677 4118 1778 4165 Romani
1796 4116 1831 4165 Μ.
1852 4117 1903 4164 Le·

277 4206 336 4267 ptdo
353 4206 383 4264 Q.
404 4206 493 4255 Catulo
510 4203 656 4252 consulibua
675 4216 703 4250 ae
722 4201 815 4249 delude
833 4201 939 4249 militiae
957 4207 983 4250 et
1001 4203 1067 4250 domi
1085 4211 1168 4265 gestas
1186 4205 1306 4267 conposui

362 4429 394 4477 et
407 4427 522 4491 uepuaP
600 4427 641 4473 bel
653 4426 732 4487 apel'
810 4438 886 4486 perge
901 4425 944 4472 VP
1027 4427 1159 4475 frueud'P
1247 4428 1279 4477 38
1291 4432 1318 4476 iu
1330 4427 1414 4476 ouaP
1501 4428 1662 4474 iuuenalibus
1677 4429 1697 4471 l'
1708 4428 1763 4488 (lla.
1777 4443 1801 4473 a.
1814 4425 1859 4486 αἱ)
1872 4426 1902 4487 P,

276 4517 413 4564 iuuenibus
427 4516 458 4577 Τ,
472 4514 630 4563 iuuenilibus
641 4517 686 4561 ed.
702 4511 773 4570 colpe
867 4510 900 4558 ³9
912 4526 959 4561 orn.
976 4511 998 4559 Ρ
1078 4516 1141 4562 uiris
1157 4516 1176 4561 Τ
1256 4518 1330 4564 forlta
1342 4517 1435 4564 iuuerit
1454 4516 1473 4558 l'
1487 4528 1555 4571 ,cora
1570 4512 1626 4572 νηὶ),
1643 4516 1724 4561 forsan
1741 4517 1765 4569 ln
1779 4528 1808 4560 a
1821 4527 1845 4560 rn
1857 4512 1902 4573 ml)

277 4590 383 4650 ur'ucria
397 4601 427 4660 Τ,
443 4604 525 4649 torua
539 4599 643 4646 iuuene
655 4594 680 4657 4,
695 4598 745 4644 fora
757 4598 792 4644 ita
806 4598 908 4644 iusserit
919 4598 962 4661 gs·
1030 4603 1109 4647 autel
1127 4601 1147 4646 l'
1158 4602 1193 4659 (ra
1205 4616 1254 4648 rua.
1269 4599 1310 4648 m?
1384 4602 1417 4648 au
1430 4607 1473 4647 aut
1486 4602 1507 4646 si
1522 4601 1617 4649 inuidia
1635 4602 1654 4647 l'
1665 4602 1716 4659 (aut
1728 4602 1748 4646 ai
1762 4599 1812 4646 del.
1825 4596 1870 4660 mil

277 4688 375 4736 inuidis
394 4686 418 4733 P
519 4687 594 4748 spabo
612 4683 641 4742 P,
662 4681 813 4747 spectabat
918 4677 1038 4733 fatiscent
1060 4684 1080 4730 Ρ
1100 4687 1121 4745 je
1139 4684 1177 4732 mi
1291 4687 1319 4735 44
1343 4688 1462 4734 inmemor
1486 4686 1506 4730 l'
1526 4701 1616 4734 ectu
1634 4682 1690 4744 ruffi,
1712 4687 1841 4733 immemor
1859 4684 1903 4732 Pru

280 4773 313 4824 42
331 4775 414 4836 caplaa
434 4773 480 4820 ΤΕ
599 4769 632 4820 43
649 4783 679 4817 ae
696 4768 720 4816 P
833 4783 901 4831 quoa
923 4770 944 4815 l'
964 4772 981 4830 ,i
998 4772 1073 4829 esua}
1193 4775 1231 4820 tui
1251 4772 1274 4819 P
1388 4772 1419 4820 44
1438 4774 1564 4833 prefectus
1582 4773 1680 4831 genium
1697 4772 1828 4833 proconsul
1850 4771 1872 4817 Τ

277 4877 300 4909 a.
315 4863 349 4908 45
362 4863 390 4908 la
404 4859 457 4918 ΤῙ.
474 4857 522 4907 53'
532 4859 580 4906 alt.
594 4860 712 4917 mipene.
731 4859 758 4903 ia
768 4858 791 4917 s.
807 4852 854 4903 53‘
869 4859 950 4916 priam
963 4857 1062 4917 perlege
1074 4857 1242 4920 quodcunque
1254 4864 1293 4906 eat
1306 4859 1463 4906 memorabile
1476 4863 1505 4904 ut
1517 4859 1563 4905 tibi
1576 4860 1668 4919 presit,
1689 4857 1773 4906 eudem
1788 4858 1906 4916 lemur

276 4949 304 4994 tn
323 4947 345 4993 E
363 4947 400 4995 let
416 4952 446 4994 ut
466 4942 548 5004 Vm)
655 4941 688 4990 45
706 4942 872 5004 quodcunque
893 4939 930 4989 Τλ
1035 4933 1052 5005 p
1070 4942 1100 5001 P,
1120 4947 1191 5005 priua
1209 4943 1362 5004 8001.qu
1466 4942 1499 4990 46
1518 4944 1605 4991 iliades
1624 4943 1646 4991 P
1750 4941 1866 4991 mauaud'
1884 4942 1908 4992 Ρ

275 5032 308 5082 47
327 5039 354 5082 et
366 5030 518 5081 uolueudai
623 5031 691 5077 flexu
708 5029 736 5088 V,
756 5034 785 5076 tn
798 5030 867 5076 Τοιι
880 5027 935 5089 Pas,
955 5029 1024 5074 flexu
1037 5030 1077 5076 rel
1093 5031 1220 5091 {flexuque
1233 5036 1266 5077 et¹
1282 5029 1312 5076 L.
1328 5028 1433 5076 ,unates
1538 5029 1570 5077 45
1589 5029 1755 5079 arentibus?
1858 5028 1906 5079 hue

279 5120 335 5183 llice
347 5119 370 5180 l,
386 5122 425 5169 fer
437 5136 459 5168 aa
474 5121 500 5171 ft.
515 5132 536 5167 e.
551 5116 625 5176 ecfer]
727 5114 760 5162 49
778 5115 934 5175 aflectusqm
946 5115 1048 5174 inpone
1060 5114 1105 5161 Ρυ
1205 5116 1238 5186 bt)
1256 5116 1353 5176 lguabit
1370 5116 1389 5158 l'
1403 5116 1511 5175 ,ignauia
1522 5113 1561 5161 aa*
1666 5117 1697 5166 51
1717 5114 1857 5179 atquae
1871 5115 1903 5179 Y,

276 5206 392 5268 equando
411 5204 440 5261 Ρ.
460 5205 506 5253 bec
526 5203 604 5263 (hee)
626 5201 727 5262 quaudo
744 5216 766 5248 υ
871 5198 905 5247 53
923 5211 1036 5246 amnena
1053 5199 1097 5246 Pu
1202 5180 1317 5249 h'aurariae
1335 5202 1354 5244 l'
1372 5202 1405 5259 ¹bi
1417 5197 1457 5247 m*
1468 5240 1473 5248 .
1494 5201 1561 5250 blato
1580 5201 1603 5249 P
1701 5198 1739 5248 54
1752 5192 1904 5248 &PL
1926 5240 1929 5247 .

277 5292 384 5340 mediam
404 5291 426 5337 Τ
528 5290 661 5350 llrleoaque
680 5288 708 5346 V,
728 5289 871 5348 legleoeque
892 5285 919 5335 Τ,
937 5285 1077 5346 lorleosque
1095 5284 1130 5350 21
1235 5287 1335 5348 prolido
1352 5288 1379 5345 Υ,
1401 5288 1519 5347 profunda
1532 5287 1563 5343 P,
1581 5288 1663 5351 path

277 5376 336 5444 ²1⁶
351 5378 423 5438 culpo
543 5375 576 5423 55
594 5375 754 5435 obdlttoaque
772 5371 796 5420 Ρ
913 5372 991 5420 facias
1012 5371 1032 5417 Τ
1152 5385 1298 5433 puerascere
1322 5372 1384 5436 t’gu
1503 5373 1536 5422 56
1554 5382 1581 5422 et
1601 5376 1655 5438 (ht

277 5463 396 5526 nana?
482 5459 599 5511 tactfaP
695 5458 1144 5519 etrurunaudletml’qmru
1253 5456 1391 5507 estne?
1481 5456 1651 5524 tardandis

276 5548 348 5599 codd.
452 5546 608 5612 permrlal’
707 5544 941 5618 dumam?-
1045 5545 1215 5595 unusual*
1379 5545 1610 5609 Ὴωμη

277 5633 511 5686 &mh
614 5621 876 5695 ukdcfllad)
981 5633 1162 5682 ubuum?
1455 5642 1482 5679 π
1580 5644 1603 5671 a·
