4358 6234
161 334 237 398 VIII
857 333 1087 457 Puoouprvu.

246 557 319 622 Iure
348 556 446 640 igitur
474 556 506 621 in
536 557 712 640 gratiarum
743 557 868 623 actione
898 557 939 623 de
969 557 1153 636 consulatu,
1192 577 1275 639 quae
1305 557 1392 623 diota
1420 565 1471 623 est
1499 559 1649 624 Treveris
1679 579 1789 624 mense

160 675 307 759 Augusto
340 677 416 741 anui
446 693 657 742 cccuxxvuu
687 677 774 763 apud
802 677 1026 762 imperatorem
1050 676 1256 759 Gratianum,
1288 696 1324 743 se
1354 683 1464 762 utpote
1493 678 1699 790 septuaginta
1724 678 1792 744 fere

159 816 261 863 annos
295 803 405 862 natum
439 796 503 862 iam
536 803 700 863 senectute
734 797 912 864 confectum
947 795 1054 862 dicere
1087 796 1190 881 potuit
1218 797 1379 863 Ausonius
1412 797 1500 882 (VIII
1523 803 1554 880 5,
1584 803 1639 876 173
1669 802 1699 880 6,
1730 803 1810 901 me,

162 919 212 999 18,
239 919 290 1000 20(
318 925 414 1002 atque
436 918 469 984 in
492 919 686 1003 Protreptieo
709 917 753 984 ad
774 919 960 1004 nepotulum
983 937 1075 983 suum
1099 917 1215 999 misso,¹
1247 918 1302 1001 qui
1332 939 1394 984 uno
1420 919 1488 985 iere
1511 940 1594 985 anno
1617 925 1691 1005 post
1713 903 1790 985 conl

159 1038 298 1122 scriptus
320 1045 379 1119 est,
406 1039 447 1104 de
470 1039 551 1104 senii
574 1038 731 1104 molestiis
754 1038 904 1121 conqueri
934 1038 1023 1122 (XIII
1049 1042 1077 1120 1,
1107 1041 1163 1117 13;
1190 1041 1223 1118 2,
1248 1040 1318 1120 35),
1380 1083 1556 1131 ...W

246 1158 348 1224 Iulius
371 1159 533 1224 Ausonius
556 1158 710 1225 Cossione
733 1158 886 1223 Vasatum
909 1158 1063 1223 oriundus
1086 1178 1126 1223 er
1149 1157 1273 1222 familia
1295 1158 1409 1223 sinon
1432 1133 1566 1240 illustri,
1599 1167 1707 1225 tamen
1731 1161 1789 1224 ho·

159 1284 253 1343 nesta
280 1278 338 1358 (ΙΙΙ
362 1284 397 1357 5;
425 1279 474 1343 XI
497 1282 526 1357 2,
555 1285 591 1358 43
620 1278 696 1343 VIII
719 1280 749 1355 8,
777 1280 828 1360 3),
861 1298 933 1343 euru
956 1278 1163 1361 Burdigalam
1191 1297 1226 1343 se
1257 1279 1461 1359 contulisset,
1495 1288 1527 1345 et
1557 1280 1706 1346 medendi
1731 1300 1788 1365 pe-

159 1397 234 1462 ritia
263 1406 295 1462 et
325 1398 485 1484 sapientia
512 1419 699 1481 morumque
725 1398 910 1483 integritate
933 1407 1056 1464 tantam
1080 1398 1141 1463 sibi
1165 1397 1284 1463 famam
1308 1398 1507 1482 conciliavit,
1542 1407 1661 1466 utnon
1684 1401 1787 1466 solum

156 1519 393 1584 adscriberetur
414 1519 447 1584 in
469 1526 616 1586 senatum
639 1519 924 1604 Burdigalenscm,
957 1520 1016 1585 sed
1046 1520 1142 1585 etiam
1172 1519 1205 1584 in
1235 1520 1356 1586 curium
1379 1521 1554 1587 Romanam
1585 1528 1618 1587 et
1639 1530 1787 1587 senatum

157 1639 362 1724 adlegeretur
384 1647 480 1722 atque
502 1640 657 1725 praefecti
680 1640 809 1724 Illyrico
833 1640 960 1706 nomine
983 1648 1148 1705 ornaretur
1156 1643 1177 1721 1(
1210 1641 1267 1721 (ΙΙΙ
1285 1643 1315 1722 2,
1336 1647 1417 1723 5sq.
1440 1645 1496 1721 5²3
1524 1643 1584 1705 XV
1600 1646 1630 1720 3,
1650 1644 1783 1725 9sqq.).

157 1759 315 1843 pecuniae
345 1780 408 1824 non
438 1760 574 1845 cupidus
604 1761 747 1826 modicas
775 1767 917 1840 tantum,
952 1758 1010 1825 sed
1037 1780 1120 1842 qnae
1148 1759 1210 1824 sibi
1237 1760 1370 1841 suisque
1393 1760 1576 1827 sufficerent
1598 1780 1676 1846 opes
1699 1781 1785 1826 com-

157 1866 285 1964 paravit
312 1880 369 1961 (XI
393 1883 422 1959 2,
450 1885 487 1946 7:
515 1881 580 1945 XII
603 1884 632 1961 2,
660 1883 705 1963 9(
746 1901 876 1947 uxorem
900 1879 992 1945 duxit
1013 1879 1184 1945 Aemiliam
1207 1879 1363 1946 Aeoniam
1386 1881 1487 1963 Aquis
1510 1881 1703 1947 Tarbellieis
1727 1904 1784 1947 na·

157 2007 238 2082 tam,
265 2000 398 2066 Caecilii
421 2001 543 2084 Argioii
565 2001 706 2082 Arborii,
732 2000 923 2067 nobilissimi
945 2000 1028 2066 inter
1050 2000 1203 2067 Haeduos
1226 2000 1296 2081 viri,
1323 2000 1433 2081 filiam,
1460 2000 1514 2083 qui
1538 2022 1609 2066 cum
1632 2002 1784 2068 Victorini

157 2128 189 2186 et
210 2121 408 2187 Tetricorum
438 2123 635 2207 temporibus
662 2122 809 2188 omnibns
839 2122 931 2186 bonis
958 2121 1088 2186 amissis
1118 2121 1150 2185 in
1173 2121 1379 2205 Aquitaniam
1403 2141 1438 2187 se
1461 2123 1650 2206 recepisset,
1683 2124 1728 2190 ibi
1751 2125 1783 2188 in

157 2242 307 2307 Tarbella
336 2242 465 2308 civitate
495 2243 694 2309 matrimonio
722 2262 829 2309 secum
852 2242 1001 2308 iunxerat
1021 2241 1193 2308 Aemiliam
1217 2242 1412 2307 Corinthiam
1435 2242 1598 2322 Mauram,
1632 2263 1695 2306 non
1719 2243 1784 2307 for-

155 2368 252 2427 tunae
275 2362 471 2442 muncribus,
498 2361 557 2428 sed
580 2362 735 2448 pudicitia
757 2383 796 2428 ac
819 2363 990 2428 severitate
1011 2369 1157 2427 ornatam
1186 2361 1256 2441 [XV
1280 2367 1309 2440 6,
1338 2365 1462 2445 lsqq.;
1490 2367 1520 2441 7,
1548 2365 1682 2445 bsqql.

241 2481 300 2546 His
329 2482 427 2565 igitur
455 2490 542 2569 ortus
572 2482 758 2568 parentibus
781 2482 932 2549 Decimus
961 2502 1024 2547 non
1052 2487 1118 2547 tam
1145 2481 1256 2548 matris
1286 2501 1382 2563 quam
1411 2481 1504 2546 aviae
1528 2501 1604 2546 cura
1626 2483 1782 2548 educatus

154 2608 219 2683 est,
253 2622 354 2684 quac,
387 2623 459 2668 cum
489 2623 570 2668 avus
598 2603 793 2686 astrologiae
822 2622 944 2687 gnarus
974 2601 1133 2667 sideribus
1163 2600 1324 2667 nataliciis
1351 2601 1586 2667 animadversis
1610 2610 1642 2668 et
1664 2604 1781 2668 notatis

154 2742 303 2805 magnam
327 2723 368 2789 de
391 2744 488 2809 puero
511 2744 603 2810 spem
626 2723 841 2809 concepisset,
869 2743 994 2789 summa
1014 2722 1049 2787 in
1073 2743 1113 2788 ea
1135 2743 1170 2789 re
1193 2741 1270 2787 usus
1294 2729 1344 2788 est
1366 2722 1536 2806 diligentia
1557 2723 1621 2805 ita,
1655 2730 1691 2789 ut
1713 2724 1781 2789 dis-

153 2842 293 2926 ciplinae
317 2844 537 2910 austeritatem
561 2845 617 2925 eis,
645 2844 762 2927 quibus
784 2850 876 2909 aetas
899 2843 1032 2929 puerilis
1054 2841 1186 2926 gaudet,
1213 2842 1379 2908 blanditiis
1403 2843 1566 2926 sapienter
1588 2850 1782 2927 temperaret

158 2963 228 3042 (XV
251 2967 281 3044 6,
311 2967 348 3026 17
365 2983 455 3047 sqq.;
484 2968 514 3046 7,
540 2967 654 3048 itaq).
701 2964 899 3030 adiuvabant
928 2971 1034 3029 autem
1066 2983 1137 3028 eam
1165 2968 1373 3046 sumptusque
1395 2962 1435 3027 de
1459 2962 1526 3027 suis
1549 2963 1609 3028 etsi
1634 2963 1780 3046 angustis

153 3083 248 3147 rebus
271 3084 470 3168 praebebant
491 3084 632 3150 Aemilia
654 3084 780 3149 Hilaria
802 3091 974 3149 matertera
996 3092 1029 3149 et
1050 3083 1134 3148 Iulia
1157 3082 1374 3168 Cataphronia
1400 3081 1517 3165 amita,
1551 3082 1693 3165 virgines
1723 3083 1781 3148 de-

152 3209 260 3284 votae,
286 3209 383 3286 atque
406 3203 545 3269 Aemilia
567 3203 712 3289 Dryadia
734 3213 924 3285 matertera,
951 3224 1034 3287 quae
1058 3223 1181 3269 summo
1204 3224 1339 3289 puerum
1362 3223 1470 3269 amore
1493 3204 1664 3288 amplexae
1687 3205 1781 3287 quasi

150 3329 295 3390 materna
317 3344 393 3390 cura
416 3324 568 3390 fovebant
595 3325 665 3408 (XV
681 3328 711 3409 8,
735 3330 769 3388 11
786 3345 855 3409 sq.;
883 3327 935 3407 28,
955 3330 973 3389 5
990 3345 1059 3408 sq.;
1087 3328 1140 3405 27,
1159 3328 1178 3389 9
1194 3325 1293 3407 sqql.
1340 3324 1405 3389 iam
1429 3344 1500 3390 cnm
1524 3344 1565 3389 ex
1587 3324 1779 3389 feminarum

150 3445 252 3511 tutela
281 3445 431 3527 exiisset,
466 3446 581 3512 litteris
605 3446 729 3512 Latinis
751 3445 916 3512 institutus
939 3453 989 3512 est
1009 3467 1030 3510 a
1051 3444 1194 3511 Macrino
1215 3445 1425 3528 grammatico
1453 3444 1538 3524 (XVI
1565 3449 1613 3525 11,
1644 3448 1682 3507 12
1698 3447 1775 3528 sq),

150 3562 284 3629 Graecis
313 3566 507 3647 aRomulo,
543 3566 724 3648 Corinthio,
757 3566 960 3646 Menestheo,
993 3566 1040 3630 ita
1062 3572 1170 3630 tamen
1193 3564 1281 3629 utin
1306 3563 1438 3629 Graecis
1461 3577 1573 3649 parurn
1596 3564 1773 3650 proficeret,

149 3683 183 3747 id
212 3683 298 3766 quod
320 3685 390 3770 ipse
412 3693 549 3751 testatur
574 3685 696 3770 ingenii
719 3685 768 3750 sui
791 3685 974 3751 tarditatem
997 3703 1154 3750 accusans
1181 3683 1268 3767 (XVI
1291 3687 1321 3765 9,
1351 3688 1363 3746 1
1384 3704 1466 3766 sqq,
1495 3687 1629 3768 9sqq,].
1677 3684 1777 3769 pluri-

148 3824 233 3868 mum
263 3812 369 3870 autem
398 3805 510 3871 debuit
538 3805 669 3872 Aemilii
694 3805 806 3889 Magni
827 3804 952 3870 Arborii
981 3805 1132 3870 avunculi
1164 3825 1276 3886 curae,
1310 3803 1364 3887 qui
1395 3824 1467 3869 eum
1498 3805 1563 3869 iam
1594 3804 1772 3890 puerulum,

147 3943 219 3989 cum
243 3924 275 3990 in
297 3925 350 3990 avi
372 3926 466 3990 domo
489 3925 691 4007 educaretur,
726 3925 912 3993 informarit
939 3946 978 3991 ac
999 3946 1064 3991 non
1087 3926 1187 3991 multo
1210 3932 1283 4011 post
1304 3925 1443 3990 Tolosae
1467 3923 1652 3990 cathedram
1675 3945 1775 3990 nanc-

148 4052 199 4109 tus
222 4065 260 4110 eo
283 4045 427 4128 vocavit,
461 4052 496 4111 ut
517 4046 588 4132 ipse
611 4067 683 4113 eum
707 4047 835 4114 dicendi
858 4046 1039 4133 praeceptis
1062 4046 1257 4126 institueret,
1292 4046 1396 4131 patria
1418 4045 1511 4129 quasi
1534 4046 1667 4110 caritate
1693 4065 1775 4130 pue-

148 4184 216 4229 rum
247 4167 434 4250 complexus
456 4166 520 4249 ita,
555 4174 589 4232 ut
611 4188 681 4234 oum
704 4168 775 4252 ipse
798 4167 909 4234 liberis
931 4173 1070 4250 careret,
1103 4166 1188 4231 hunc
1210 4165 1274 4231 sibi
1297 4165 1445 4232 sufficere
1468 4165 1644 4244 dictitaret,
1679 4170 1775 4248 atque

147 4304 188 4350 ex
210 4283 332 4368 ingenii
354 4286 556 4369 scintillulis,
590 4309 672 4371 quae
695 4288 759 4353 iam
780 4295 848 4354 tum
871 4288 905 4353 in
927 4288 984 4353 illo
1006 4287 1204 4368 emicabant,
1230 4305 1347 4368 magno
1369 4307 1443 4353 eum
1467 4285 1574 4352 decori
1597 4284 1664 4351 suis
1687 4284 1774 4349 futu-

145 4425 213 4470 rum
238 4424 310 4472 esse
332 4414 509 4491 auguratus
538 4407 607 4486 (XV
631 4413 662 4489 5,
691 4409 840 4492 lilsqq.}.

231 4527 403 4609 Postquam
426 4527 524 4610 igitur
546 4528 657 4595 decem
680 4528 748 4595 fero
762 4548 864 4595 annos
879 4529 1029 4609 Tolosae,
1056 4549 1152 4612 quam
1168 4526 1312 4593 altricem
1329 4547 1419 4592 suam
1436 4534 1530 4592 vocat
1549 4527 1685 4611 (XVIIII
1702 4530 1769 4609 98),

144 4646 177 4711 in
199 4649 349 4715 avunculi
373 4648 546 4733 disciplina
568 4649 725 4732 transegit
740 4649 912 4731 Ausonius,
938 4669 976 4715 eo
998 4649 1068 4734 ipso
1090 4670 1184 4730 anno,
1211 4669 1273 4732 quo
1293 4647 1447 4713 Arborius
1463 4646 1771 4733 Constantinopolim

146 4767 313 4852 migravit,
345 4769 377 4834 in
407 4769 545 4854 patriam
575 4789 722 4835 reversus
751 4769 794 4835 ad
824 4789 880 4850 ea,
912 4789 996 4851 quae
1026 4769 1090 4834 iam
1113 4769 1247 4834 Arborio
1276 4768 1358 4833 duce
1380 4768 1538 4846 coluerat,
1572 4768 1679 4833 studia
1700 4788 1773 4832 ora-

144 4888 226 4953 toria
253 4888 414 4971 incubuit,
449 4888 611 4973 magistris
634 4889 666 4954 in
690 4910 730 4954 ea
752 4909 785 4954 re
809 4908 887 4954 usus
910 4888 1039 4954 Luciolo
1060 4889 1188 4954 rhetore
1215 4888 1301 4971 (XVI
1324 4893 1354 4966 1,
1385 4890 1410 4969 1(
1438 4893 1470 4952 et
1491 4886 1620 4953 Tiberio
1644 4888 1770 4953 Victore

143 5007 298 5074 Minervio
328 5016 454 5076 oratore
488 5009 573 5091 (XVI
597 5011 633 5089 2,
663 5012 726 5089 11).
782 5029 866 5091 quae
897 5009 1005 5074 studia
1034 5029 1104 5074 curn
1137 5029 1194 5094 per
1223 5008 1345 5090 aliquot
1374 5027 1475 5072 annos
1505 5007 1765 5078 continuavisset,

143 5288 201 5336 nius
218 5302 250 5336 ex
270 5290 322 5337 vita
339 5295 480 5339 excesserat
497 5303 577 5339 annos
594 5289 781 5348 duodetriginta
800 5293 858 5336 nata
879 5288 935 5347 (XV
957 5286 995 5346 li,
1018 5287 1043 5336 8.
1064 5286 1123 5348 25),
1151 5289 1176 5336 ln
1196 5288 1276 5335 lucem
1294 5286 1362 5334 edita
1380 5292 1419 5336 est
1436 5302 1458 5333 a.
1479 5298 1614 5334 cccxrrrrr.
1653 5300 1726 5347 quarn
1745 5287 1766 5332 si

143 5375 288 5435 quindecim
306 5389 383 5424 anuos
401 5382 484 5425 natam
503 5378 615 5425 AusonIo
633 5376 752 5436 nupsisse
770 5375 921 5435 statuimus,
949 5375 972 5422 ls
990 5380 1044 5421 turn
1063 5374 1112 5420 lam
1130 5375 1221 5421 aetatis
1240 5387 1335 5421 aunum
1352 5373 1498 5419 vicesimum
1517 5377 1634 5432 quartum
1652 5384 1767 5431 egressus

141 5465 209 5518 erat,
236 5460 261 5508 ld
285 5462 349 5521 quod
375 5462 460 5510 borum
485 5471 625 5524 temporum
649 5461 829 5511 consuetudini
855 5462 939 5508 miuus
963 5460 1095 5508 conuenire
1119 5459 1228 5507 videtur.
1266 5459 1309 5507 sed
1328 5458 1392 5506 nihii
1411 5460 1506 5517 obstat,
1530 5471 1579 5519 qno
1598 5458 1681 5504 miuus
1699 5459 1766 5505 iuter

140 5546 281 5595 Parentalia
299 5552 326 5594 st
344 5546 513 5596 professorum
532 5548 751 5609 Burdlgaieosium
770 5547 1027 5597 eommemoratlonoru
1045 5545 1141 5607 aliquot
1158 5558 1236 5592 annos
1254 5545 1427 5592 intercessura
1446 5550 1574 5605 putemus.

227 5634 251 5697 8(
272 5646 347 5696 quern
366 5633 482 5682 horrorem
500 5647 559 5683 snm
577 5648 592 5681 a
609 5634 785 5683 Valentiniano
804 5635 824 5685 l.
845 5633 970 5697 acceptsss
987 5633 1109 5695 suspicor.
