4358 6234
394 321 453 385 XL
564 352 569 363 ·
1091 325 1319 381 PROOEMIVM.

393 547 528 612 Ausonii
551 546 593 611 ad
617 548 843 631 Symmachum
867 550 959 633 epist.
992 551 1118 632 (XVII),
1154 551 1339 634 Symmachi
1362 550 1404 615 ad
1428 551 1604 617 Ausonium
1628 551 1721 634 epist.
1747 550 1763 613 I
1786 554 1842 630 25,
1880 553 1934 613 25Γ
1955 550 2028 634 epi·

393 668 479 732 stula
501 668 677 733 Theodosii
701 668 838 752 Augusti
866 670 916 753 (Ι),
950 671 1114 755 responsio
1136 669 1270 734 Ausonii
1293 670 1336 734 ad
1358 670 1576 736 Theodosium
1605 670 1671 753 (Π),
1707 668 1850 754 Griphus
1878 670 2022 754 (XXVI),

393 790 447 850 26ῐ
476 809 505 852 e.
532 790 589 866 35,
627 789 715 871 quod
747 788 780 852 in
814 790 1081 874 epigrammatum
1115 790 1242 856 delectu
1272 790 1305 855 in
1335 791 1491 855 Vossiano
1520 791 1623 875 primo
1654 790 1724 855 loco
1755 789 1946 855 collocatum
1976 797 2027 855 est

397 909 573 989 (‘eiusdem
596 933 794 994 apostemata
816 909 849 974 in
873 911 1015 976 chartam
1025 913 1065 995 h,
1091 911 1308 995 Protrepticus
1336 911 1454 994 (XIII),
1481 911 1713 977 Genethliacon
1741 910 1879 995 (Xllll),
1908 911 2027 993 egloga

393 1027 433 1092 de
463 1029 673 1112 ambiguitate
695 1030 782 1095 vitae
805 1029 976 1114 eligendae
1004 1031 1203 1115 (XXVllM),
1238 1034 1291 1096 28Γ
1313 1031 1433 1123 Versus
1463 1031 1611 1116 pascales
1641 1031 1734 1097 Decii
1756 1030 1867 1114 Magni
1890 1030 2025 1095 Ausonii

395 1147 524 1228 (VIIII),
552 1152 606 1212 29¹
627 1149 719 1214 Decii
735 1150 844 1233 Magni
860 1151 994 1215 Ausonii
1017 1152 1208 1236 oathalogus
1230 1151 1357 1216 urbium
1380 1152 1535 1216 nobilium
1563 1151 1724 1234 (XVHll).
1773 1152 1857 1216 hunc
1882 1151 2024 1216 codicem

391 1268 528 1334 eundem
558 1289 630 1335 esse
653 1291 692 1335 ac
714 1271 828 1335 librum
851 1271 995 1336 Tristani
1017 1271 1147 1352 Chalci,
1180 1292 1201 1336 a
1222 1293 1285 1355 quo
1308 1291 1343 1337 se
1366 1272 1491 1337 Ludum
1515 1279 1548 1337 et
1570 1272 1760 1354 Catalogum
1783 1272 1909 1337 urbium
1931 1271 2025 1336 nohi-

390 1388 467 1453 lium
498 1391 661 1474 accepisse
692 1390 770 1457 dicit
792 1391 963 1474 Vgoletus,
998 1399 1031 1457 et
1060 1391 1237 1476 scripturae
1263 1392 1357 1459 docet
1379 1411 1556 1458 consensus
1578 1392 1701 1476 etipse
1725 1391 1866 1457 Chalcus
1888 1399 2025 1458 testatur

392 1510 486 1591 {Hist
512 1518 595 1595 patr.
621 1512 644 1575 l.
670 1512 702 1574 ll
725 1512 821 1576 ada.
849 1514 910 1575 379
934 1532 986 1597 ap.
1014 1512 1131 1578 Graev.
1158 1513 1257 1577 Thes.
1284 1521 1349 1578 ant.
1376 1515 1415 1577 lt.
1442 1514 1473 1577 11
1500 1517 1592 1596 139),
1618 1513 1674 1596 qui
1697 1532 1732 1578 se
1755 1533 1796 1577 ex
1818 1519 1944 1578 vetusto
1968 1532 2023 1578 co-

389 1629 474 1709 diee,
510 1652 550 1696 ex
573 1632 738 1697 'licineusi
768 1632 990 1698 vicecomitum
1019 1633 1224 1716 bybliotheca
1253 1633 1394 1717 prolato,
1428 1633 1540 1699 decem
1571 1641 1603 1699 et
1624 1640 1694 1700 octo
1716 1634 1866 1699 absoluta
1888 1632 2021 1698 Vrhium

389 1752 623 1835 epigrammata
652 1751 795 1818 edidisse
818 1752 982 1834 gloriatur.
1030 1753 1115 1817 unde
1139 1752 1233 1817 simul
1257 1753 1469 1837 comperimus
1493 1751 1578 1817 hunc
1601 1753 1717 1819 librum
1740 1754 1816 1819 olim
1839 1754 1873 1817 in
1894 1753 2022 1837 byblio

388 1872 497 1951 theca,
532 1892 615 1954 quae
645 1879 715 1937 erat
743 1872 776 1935 in
800 1872 934 1938 castello
956 1872 1188 1954 Ticinensi'i‘b,
1224 1879 1387 1938 servatum
1410 1892 1494 1938 esse.
1542 1894 1583 1938 ex
1605 1873 1717 1938 eodem
1741 1874 1867 1952 codice,
1901 1873 1936 1937 in
1956 1893 2020 1956 quo

388 1991 456 2056 solo
480 1992 640 2074 leguntur,
666 1992 839 2058 Periochas
862 1993 1048 2059 aBemerio
1071 1993 1250 2078 descriptas
1266 1993 1393 2077 aceepit
1408 1993 1575 2075 Vgoletus.
1617 2001 1712 2077 atque
1728 1993 1915 2078 apographo
1930 1993 2020 2057 illius

387 2132 465 2178 usus
488 2121 538 2177 est
552 2113 709 2177 Aventius
732 2112 765 2176 in
788 2113 845 2194 eis,
872 2134 956 2196 quae
979 2113 1112 2179 editioni
1130 2113 1268 2178 alteria.
1292 2118 1370 2178 1507
1388 2134 1408 2178 a
1425 2133 1460 2178 se
1476 2115 1652 2180 adornatae
1668 2114 1796 2196 adiecit,
1823 2113 2019 2180 carminibus

387 2241 419 2298 et
441 2233 588 2317 epistulis
597 2236 648 2316 37).
696 2241 835 2299 ceterum
859 2233 1038 2299 Parisinum
1060 2240 1093 2299 et
1115 2233 1305 2299 Vossianum
1329 2253 1369 2298 ex
1392 2234 1551 2299 communi
1574 2234 1661 2300 ionte
1684 2233 1818 2300 fluxisse
1840 2234 2018 2318 scripturae

385 2352 419 2416 in
442 2360 575 2436 utroque
599 2373 774 2419 consensus
797 2354 947 2419 ostendit.
994 2354 1126 2419 inferior
1148 2361 1255 2419 tamen
1279 2354 1436 2419 Vossiano
1460 2362 1510 2420 est
1532 2355 1716 2436 Parisinus,
1742 2374 1935 2437 quamquam
1958 2373 2019 2418 sua

386 2473 516 2558 propria
546 2494 584 2538 ac
614 2474 780 2559 pecularia
809 2475 894 2539 bona
916 2474 1024 2538 habet.
1072 2495 1145 2538 uam
1169 2480 1202 2539 et
1223 2474 1439 2558 compluribus
1462 2475 1541 2540 locis
1563 2493 1735 2559 germanas
1758 2475 1892 2559 praebet
1913 2474 2017 2558 scrip·

384 2600 473 2658 turns
496 2601 529 2658 et
551 2594 685 2659 lacunas
708 2594 840 2676 aliquot,
867 2614 950 2676 quae
973 2600 1047 2659 sunt
1062 2593 1096 2657 in
1111 2594 1279 2676 Vossiano,
1307 2595 1417 2679 explet
1431 2596 1590 2677 versibus,
1616 2595 1672 2677 qui
1688 2595 1722 2658 in
1737 2593 1796 2659 hoc
1813 2593 2015 2659 librariorum

385 2714 530 2779 socordia
559 2713 804 2794 intercidemnt,
839 2714 985 2780 servatis.
1034 2714 1220 2780 Ausoniaua
1250 2716 1282 2780 in
1305 2716 1366 2780 hoo
1389 2716 1497 2781 codice
1520 2716 1723 2780 corrtulerunt
1744 2715 1771 2778 Ι.
1796 2714 2017 2780 Zeohmeister

384 2841 417 2898 et
438 2835 477 2898 Α.
504 2834 660 2900 Schoene.

199 2928 266 2967 coclea
283 2927 373 2968 ituatur-

294 2981 373 3029 gnnn
473 2955 522 3018 Ex
545 2954 656 3020 eodem
680 2953 800 3034 codice,
827 2974 890 3037 quo
912 2954 1087 3036 Parisinus,
1113 2954 1256 3019 manavit
1277 2955 1572 3039 Eustorgianus,
1599 2956 1691 3021 cuius
1714 2975 1812 3040 supra
1838 2959 1881 3040 (p.
1904 2956 2010 3039 XXX)

383 3074 576 3140 mentionem
605 3074 750 3140 fecimus.
797 3074 831 3138 id
854 3074 939 3155 quod
962 3073 1058 3139 facile
1082 3074 1252 3156 intelleges
1275 3074 1326 3138 his
1350 3076 1534 3160 scripturis,
1567 3096 1650 3159 quae
1681 3076 1806 3157 utrique
1828 3096 2015 3142 communes

467 3389 508 3450 36)
530 3392 561 3439 cl.
584 3389 680 3437 Delisle
700 3389 735 3437 Le
755 3389 861 3437 Gabinet
879 3388 923 3435 des
942 3387 1111 3448 manuscripts
1130 3387 1161 3434 de
1181 3388 1203 3434 la
1221 3389 1283 3435 bibl.
1305 3389 1364 3448 imp.
1386 3389 1397 3434 i
1419 3386 1467 3436 125
1479 3403 1544 3450 sqq.,
1566 3391 1603 3436 lll
1623 3389 1681 3439 ott.
1721 3390 1787 3437 hrrno
1805 3390 1913 3438 codicem
1932 3390 2013 3449 signi·

380 3478 452 3523 haara
474 3477 574 3524 videtur
587 3475 730 3523 Matthaeus
743 3475 845 3522 Bossius
864 3475 891 3520 in
910 3473 1019 3534 epistula
1031 3473 1062 3520 ad
1075 3473 1200 3533 Angelum
1213 3474 1364 3521 Politianum
1379 3474 1492 3521 Veronae
1506 3482 1577 3522 sexto
1591 3476 1639 3522 kal.
1655 3475 1755 3522 Martias
1767 3491 1790 3522 a.
1805 3489 2012 3524 nccccuxxxxrrr

380 3565 470 3624 scripta
493 3564 534 3623 (ci.
549 3562 693 3609 Familiares
712 3566 738 3607 et
755 3559 880 3608 secundae
899 3559 932 3605 M.
948 3560 1018 3606 Bossi
1038 3559 1171 3620 epistulae,
1194 3559 1311 3607 Mantuae
1324 3573 1549 3608 nccccuxxrxrrrr
1568 3563 1586 3608 i.
1602 3560 1670 3622 dlii),
1691 3563 1719 3607 iu
1738 3575 1788 3621 qua
1806 3576 1832 3609 se
1850 3567 1919 3610 trans
1932 3563 2012 3625 Alpes

380 3650 530 3697 Florentiam
544 3649 641 3708 Angeia
660 3647 758 3694 misisse
776 3646 839 3693 dicit
850 3646 991 3693 Ausonium
1010 3647 1054 3692 diu
1074 3646 1224 3707 expetitum.
1256 3660 1313 3693 nam
1333 3646 1442 3706 quaein
1462 3646 1507 3693 hac
1526 3646 1634 3707 epistula
1652 3647 1785 3705 leguntur:
1809 3648 1933 3696 ‘eundem
1953 3663 2012 3696 vero

378 3749 411 3783 ex
434 3736 563 3783 notatione
586 3734 669 3780 iudice
694 3733 724 3780 ad
748 3734 804 3779 libri
828 3737 903 3791 caput
921 3733 1035 3793 apposita
1053 3745 1168 3778 uranoum
1187 3737 1213 3778 et
1231 3738 1349 3779 truncum
1368 3732 1493 3793 plerisque
1512 3734 1573 3780 locis
1591 3732 1702 3779 offendes
1720 3732 1778 3794 plus
1797 3747 1870 3794 quam
1889 3740 2007 3784 meteres.

378 3828 404 3867 et
423 3834 480 3868 cum
500 3821 539 3867 his
558 3833 622 3881 quae
641 3821 746 3866 Ausonii
765 3827 827 3866 sunt
845 3819 914 3877 leges
933 3832 1033 3881 quoque
1052 3820 1175 3866 nonnulla
1192 3820 1323 3867 interiecta
1341 3825 1417 3881 atque
1436 3821 1551 3868 immixta
1569 3820 1713 3880 Prudentii,
1741 3828 1769 3868 ut
1787 3822 1954 3870 consociatum
1973 3823 2009 3870 aia

378 3907 508 3954 habiturus
526 3912 661 3966 utrumque
680 3905 784 3954 disiecta
803 3919 849 3967 per
866 3907 975 3953 membra
993 3906 1135 3954 Ausonium
1153 3913 1229 3966 atque
1248 3905 1426 3954 Prudentium’
1445 3906 1540 3954 cadunt
1558 3907 1584 3953 in
1602 3906 1752 3969 Parisinum,
1774 3908 1868 3969 inquo
1887 3909 1906 3954 f.
1927 3906 2009 3956 liii-

378 3991 423 4040 29¹
441 3994 549 4040 Ausonii
575 3999 600 4039 et
618 3990 750 4040 Prudentii
774 3994 882 4039 carmina
906 3993 975 4040 inter
999 4006 1025 4039 se
1044 3993 1124 4039 mixta
1142 3991 1315 4041 exhibeantur.
1355 3993 1399 4040 sed
1419 4006 1467 4040 riou
1487 3993 1640 4040 conveniunt
1658 4006 1701 4054 ea,
1728 4007 1793 4053 quae
1812 3995 1912 4042 Bossius
1931 3996 2007 4057 paulo

378 4086 436 4126 anto
462 4086 546 4127 narrat
568 4080 598 4126 de
622 4080 705 4126 codice
729 4079 786 4139 iilo,
814 4086 972 4127 veternosum
992 4092 1049 4125 eum
1068 4079 1170 4137 dicens,
1198 4081 1286 4125 utrix
1305 4080 1353 4137 legi
1372 4081 1465 4140 possit,
1493 4084 1630 4126 atramento
1648 4079 1780 4127 subcroceo
1800 4080 2009 4143 Langobardoque

378 4165 515 4213 charactere
534 4167 717 4227 coriscriptum,
737 4166 802 4213 carie
821 4167 940 4226 lineaque
959 4166 1072 4213 obesum.
1109 4166 1177 4212 unde
1195 4165 1317 4226 suspicari
1335 4164 1411 4212 liceat
1429 4166 1542 4212 Boaslum
1560 4164 1669 4223 librum,
1690 4178 1722 4212 ex
1741 4179 1790 4225 quo
1808 4166 1951 4228 descriptus
1968 4174 2009 4215 est

378 4251 516 4312 Parisinus,
536 4253 676 4312 possedisse
694 4253 816 4313 scriptura
833 4252 1003 4312 merovingica
1021 4257 1151 4298 exaratum
1172 4251 1213 4312 (ci.
1234 4251 1332 4312 Peiper.
1353 4250 1424 4311 223).

172 4320 303 4361 ¹¹²¹¹⁰P⁸¹¹¹¹⁸
316 4323 367 4424 ’Ἢ
468 4337 508 4398 37)
531 4353 563 4386 ea
582 4338 693 4385 Parisino
712 4339 787 4385 tinxit
805 4339 954 4385 llarieianus
967 4337 1044 4399 itta,
1065 4338 1153 4398 chart,
1175 4338 1266 4385 formae
1284 4338 1428 4399 quadratae,
1451 4338 1503 4386 i'oll.
1519 4335 1562 4398 tt,
1582 4351 1646 4385 saec.
1662 4337 1710 4384 XV
1728 4339 1759 4385 ab
1778 4338 1878 4386 bomine
1897 4352 1946 4386 non
1965 4341 2006 4387 in-

378 4426 449 4473 docto
468 4425 590 4486 scriptus,
612 4426 655 4484 qui
674 4425 699 4471 in
720 4424 851 4471 scribendo
869 4424 936 4472 haud
955 4439 1033 4485 pauca
1052 4424 1141 4472 urenda
1160 4404 1328 4486 exemplaris,
1348 4437 1396 4484 quo
1415 4425 1547 4483 utebatur,
1569 4425 1691 4484 correxit,
1713 4425 1738 4471 in
1757 4438 1786 4471 ea
1805 4439 1830 4472 re
1848 4431 1892 4472 aut
1910 4427 1933 4472 V
1951 4429 2007 4488 ipso

374 4517 419 4559 ant
444 4511 520 4558 simili
544 4511 608 4557 libro
632 4523 702 4558 usus.
741 4517 853 4557 accurate
879 4511 945 4557 hunc
969 4512 1061 4558 librum
1086 4510 1220 4571 descripsit
1238 4511 1358 4571 Peiperus
1377 4508 1437 4557 224.
1474 4523 1519 4569 ego
1537 4524 1587 4557 non
1607 4511 1687 4558 solum
1706 4511 1896 4571 descriptionem
1916 4511 2003 4571 habeo,

375 4612 449 4659 qnam
473 4597 583 4644 coniecit
600 4595 726 4642 chricus
749 4596 831 4654 tilius,
859 4596 903 4642 sed
925 4597 1000 4643 etiam
1019 4595 1118 4642 Ludum
1144 4612 1159 4642 a
1176 4595 1332 4656 Thompaouo
1355 4595 1482 4643 collatum.
1521 4597 1628 4643 Arruntio
1651 4597 1720 4644 hunc
1738 4597 1847 4644 codicem
1865 4599 1894 4645 ad
1915 4612 2004 4646 manus

375 4697 423 4731 non
443 4684 522 4731 luisse
541 4696 590 4731 nou
609 4689 660 4728 tam
678 4696 710 4728 ex
729 4695 758 4729 eo
776 4681 917 4741 colligitur,
943 4681 1009 4742 quod
1027 4683 1054 4728 in
1073 4681 1205 4729 llarleiano
1224 4681 1323 4728 Paulini
1341 4681 1464 4742 epistulae
1482 4682 1493 4727 l
1513 4696 1552 4730 vv.
1577 4680 1712 4731 itt-284
1731 4697 1780 4730 nou
1799 4683 1937 4743 leguntur,
1958 4698 2004 4732 ex·

374 4777 429 4818 tant
451 4773 478 4817 in
501 4768 606 4816 Avantil
633 4768 745 4816 editione
775 4770 841 4831 (nam
866 4769 1048 4816 interciderunt
1073 4768 1097 4837 hi
1121 4783 1207 4816 versus
1232 4768 1319 4815 eodem
1344 4769 1414 4816 modo
1437 4781 1485 4828 quo
1509 4768 1539 4815 E.
1560 4767 1634 4815 XXV
1656 4766 1703 4815 1²3
1716 4782 1770 4829 sqq.
1797 4773 1824 4816 et
1848 4768 1878 4817 E.
1900 4768 2004 4818 XXllll

374 4858 439 4905 loliis
458 4855 624 4917 deperditis),
650 4869 722 4916 quam
750 4855 813 4916 quod
833 4856 958 4903 Aventius
976 4869 1020 4916 pro
1038 4856 1113 4902 certis
1132 4868 1194 4915 qnae
1213 4862 1273 4902 aurit
1292 4856 1318 4901 in
1338 4855 1469 4901 Harleiano
1488 4855 1707 4902 emendationibus
1725 4869 1813 4916 pravas
1830 4855 1939 4904 Parisini
1957 4871 2002 4904 ex·

168 4929 362 5029 ¹¹⁸¹¹“⁵⁵²'¹¹¹”¹p}:}:
376 4944 446 4991 bibet
463 4944 608 5004 scripturas.
646 4943 707 4989 item
726 4956 758 4989 ex
777 4941 889 4989 Parisino
908 4943 1018 4987 mercavit
1036 4941 1186 4988 llarleianus
1204 4939 1288 4998 2599,
1307 4941 1402 5001 chart,
1423 4943 1516 4987 formae
1535 4941 1684 5001 quadratae,
1704 4940 1755 4987 ioli.
1779 4940 1843 5002 1303
1871 4943 1897 4987 in
1916 4942 1934 4990 i,
1955 4942 2002 4990 sti·

374 5034 434 5080 haec
452 5030 582 5088 leguntur:
607 5026 670 5077 ‘kal
687 5027 771 5088 Marcij
788 5025 849 5074 itti
873 5042 977 5075 veronae
996 5026 1059 5073 Mihi
1073 5027 1217 5087 Stephanus
1234 5027 1266 5074 dc
1286 5033 1431 5074 noromoute
1451 5026 1561 5088 scripsi',
1581 5029 1608 5074 in
1626 5027 1685 5073 lolio
1703 5029 1814 5087 praelixa
1834 5028 1926 5074 ‘Liber
1938 5027 2002 5075 llic-

373 5119 467 5176 ronymi
494 5111 644 5165 Acaldraris'
672 5116 700 5173 (i.
724 5114 785 5162 136v
808 5114 897 5161 ‘Liber
915 5114 1046 5161 hieronimi
1065 5107 1242 5173 saldranjt'p.
1279 5113 1439 5160 continentur
1463 5126 1492 5159 eo
1514 5118 1570 5174 post
1595 5112 1722 5160 Ciceronis
1745 5113 1775 5160 de
1802 5113 1890 5160 ciliciis
1914 5113 2000 5171 libros,

373 5210 491 5265 excerpta
509 5217 540 5250 ex
554 5203 693 5261 Lactantio,
713 5201 806 5247 Probae
820 5199 944 5247 l'altoniae
958 5208 1076 5248 centones
1089 5202 1108 5247 i.
1123 5199 1180 5261 98⁸,
1200 5201 1304 5246 iuvenci
1318 5200 1481 5260 prooemium,
1502 5200 1666 5261 inscriptum:
1690 5199 1802 5247 ‘Versus
1814 5198 1904 5247 decimi
1917 5201 2001 5260 magni

372 5286 491 5337 husorrii'
514 5289 587 5349 (qrrod
608 5289 634 5336 in
647 5288 745 5334 Veneta
758 5302 780 5335 a.
799 5284 862 5335 tuor
883 5287 976 5347 legitur
994 5287 1034 5334 his
1051 5285 1157 5333 adiectis
1176 5285 1297 5333 ‘Ausonii
1317 5299 1415 5332 carmen
1435 5286 1611 5344 imperfectum
1619 5285 1646 5345 '),
1667 5285 1778 5346 denique
1796 5293 1852 5345 post
1868 5284 2000 5334 Prudentii

371 5376 480 5422 carmina
498 5374 618 5434 quaedam
637 5373 732 5421 Versus
751 5372 862 5434 pascales
877 5372 972 5432 (Villi)
993 5379 1019 5419 et
1038 5371 1184 5432 Protreptici
1200 5371 1271 5433 (Xlll
1286 5371 1309 5431 2)
1328 5386 1366 5419 vv.
1385 5368 1476 5418 1-13.
1516 5372 1660 5418 Ausoniana
1678 5370 1840 5418 ccrrtulernnt
1857 5370 2000 5433 Thompson

370 5467 396 5509 et
415 5461 538 5508 ilenricns
558 5462 632 5508 tilius.
671 5460 739 5507 hunc
764 5461 855 5507 librum
880 5474 911 5507 ex
936 5459 1048 5508 Parisino
1073 5459 1225 5519 descriptum
1250 5473 1305 5505 csse
1329 5459 1467 5519 scripturae
1491 5459 1519 5504 in
1543 5463 1648 5518 utroque
1672 5469 1794 5504 consensu
1818 5458 1997 5518 comprobatur.

371 5547 507 5594 Aeantium
532 5560 563 5592 ex
586 5546 632 5593 hoc
649 5547 733 5593 codice
753 5546 852 5593 luterni
873 5548 1025 5606 prooemium
1046 5553 1170 5607 tamqnam
1190 5546 1221 5591 ab
1240 5545 1351 5591 hirsonlo
1370 5546 1508 5604 proiectum
1528 5544 1631 5590 culitioni
1650 5559 1664 5589 a
1683 5557 1710 5590 sc
1728 5558 1751 5591 a.
1771 5555 1849 5589 unvtr
1867 5544 2000 5593 adornatae

371 5633 509 5680 inseruisse
528 5631 656 5679 intellexit
675 5631 795 5692 Peiperus
817 5631 897 5693 (uto).
