4358 6234
796 332 1057 391 PROFESSORES
1080 334 1176 400 (XVI).

664 544 739 589 narn
761 531 797 589 tu
819 524 934 611 Crispo
957 524 1125 591 coniuncte
1148 530 1203 589 tuo

665 646 763 711 prosa
784 627 914 694 solebas
937 635 968 693 et
991 647 1086 693 versa
1107 625 1195 709 loqui

793 731 912 815 impete
935 729 1064 812 eodem,

666 920 789 1005 priscos
812 927 847 985 ut
871 919 959 1006 (tris)
983 919 1100 985 heroas
1122 917 1197 983 olim

630 1025 634 1030 ’
667 1024 809 1089 carmine
831 1022 962 1089 Homeri
984 1028 1246 1088 commemoratos

796 1125 893 1191 fando
915 1125 1068 1205 referres,

665 1315 795 1381 dulcem
818 1315 852 1379 iu
874 1313 988 1398 paucis
1012 1320 1047 1378 ut
1068 1312 1289 1379 Plistheniden

666 1426 700 1485 et
722 1416 872 1484 torrentis
895 1436 952 1482 ceu
975 1415 1120 1481 Dulichii

794 1519 951 1602 ninguida
974 1518 1061 1584 dicta

667 1715 700 1776 et
721 1708 865 1776 mellitae
887 1713 1017 1773 nectare
1039 1707 1127 1772 vocis

666 1811 775 1878 dulcia
797 1811 865 1876 fatu
888 1810 987 1875 verba
1010 1817 1176 1875 canentem

794 1913 934 1979 Nestora
954 1933 1075 1996 regem.

425 2243 457 2285 re
510 2223 614 2288 Ambo
637 2223 725 2306 loqui
747 2221 879 2301 faciles,
906 2221 1000 2286 ambo
1023 2221 1130 2286 omnia
1152 2220 1295 2286 carmina
1318 2222 1416 2289 docti.

598 2325 754 2391 callentes
776 2324 909 2408 mython
932 2323 1094 2407 plasmata
1115 2331 1147 2389 et
1169 2323 1348 2389 historiam.

512 2428 606 2493 liberi
628 2435 661 2493 et
681 2428 776 2493 ambe
799 2446 920 2510 genus,
947 2425 1006 2491 sed
1028 2445 1108 2508 quos
1130 2426 1286 2493 meruisse
1309 2428 1438 2493 deceret

598 2530 737 2611 nascier,
764 2537 799 2595 ut
820 2529 966 2596 cluerent
986 2529 1131 2613 patribus
1154 2529 1313 2613 ingenuis.

498 2838 555 2906 23.
581 2838 785 2905 VICTORIO
809 2834 1078 2904 SVBDOGTORI
1101 2839 1199 2904 SIVE
1221 2784 1483 2907 PROSCHOhO.

513 3011 632 3077 Victori
656 3010 816 3092 studiose,
842 3031 976 3093 memor,
1004 3011 1104 3091 celer,
1131 3011 1286 3095 ignoratis
1642 3028 1692 3077 ιιι
1725 3033 1806 3079 xxrr.

600 3114 737 3180 adsidue
758 3113 792 3177 in
815 3112 907 3178 libris
928 3133 989 3178 uec
1011 3113 1074 3178 nisi
1097 3116 1208 3198 operta
1232 3114 1360 3199 legens.

513 3236 629 3283 exesas
651 3216 747 3281 tineis
770 3216 944 3301 opicasque
967 3217 1118 3281 evolvere
1141 3216 1269 3282 chartas

601 3320 701 3385 maior
724 3340 819 3403 quam
842 3319 998 3404 promptis
1020 3306 1179 3384 cura'tihi
1200 3321 1234 3384 iu
1258 3319 1385 3385 studiis.

445 3449 457 3485 a
518 3423 614 3507 [quod
636 3422 688 3488 ius
710 3421 912 3507 pontificum,
939 3441 1022 3503 quae
1045 3422 1193 3503 foedera,
1220 3429 1355 3488 stemma
1378 3424 1462 3505 quod
1486 3425 1560 3488 olim

603 3533 677 3592 ante
699 3526 839 3590 Numam
863 3525 968 3590 fuerat
992 3525 1128 3590 sacrifici
1152 3525 1303 3608 CuribuS,

513 3627 599 3711 quod
624 3628 739 3694 Castor
761 3628 883 3693 cunctis
906 3627 947 3692 dc
971 3628 1101 3711 regibus
1124 3628 1302 3711 ambiguis,
1329 3629 1413 3710 quod

600 3730 748 3814 coniugis
771 3751 789 3796 e
813 3730 903 3795 libris
925 3730 1072 3796 ediderat
1093 3730 1278 3815 Rhodopa}

512 3834 599 3918 quod
621 3833 673 3898 ius
696 3832 900 3918 pontificum,
926 3839 1070 3898 veterum
1094 3853 1176 3915 quae
1199 3834 1278 3898 scitu
1302 3833 1476 3910 Quiritum,

427 3963 456 4002 ro
599 3956 684 4019 quae
708 3936 855 4001 consulta
876 3942 1020 4019 patrum,
1047 3935 1125 4018 quid
1148 3936 1252 4001 Draco
1275 3936 1393 4019 quidve
1417 3937 1513 4002 Solon

513 4039 660 4105 sanxerit
682 4046 715 4104 et
736 4038 848 4105 Locris
870 4037 996 4103 dederit
1017 4058 1101 4121 quae
1124 4038 1194 4102 iura
1216 4039 1390 4105 Zaleucus.

598 4142 658 4207 sub
682 4143 758 4206 leve
781 4161 863 4225 quae
887 4141 1008 4221 Minos,
1035 4140 1112 4223 quid
1135 4141 1268 4204 Themis
1291 4149 1365 4206 ante
1388 4142 1495 4205 lovem

258 4417 307 4474 22.
346 4420 377 4470 19
395 4422 426 4470 ll.
447 4421 483 4468 Ill
502 4418 551 4468 214
572 4421 657 4485 παῦρα
677 4415 733 4484 μέν,
754 4414 821 4467 ἀλλὰ
842 4413 911 4482 μάλα
929 4413 1020 4483 λιγέως
1133 4416 1165 4464 io
1179 4431 1215 4478 aq.
1238 4417 1297 4465 ibid.
1320 4418 1368 4466 222
1389 4415 1449 4468 ἔπεα
1469 4417 1612 4486 νιφάδεσσιν
1632 4418 1730 4470 ἐοικότι
1753 4439 1808 4490 χει-

173 4507 288 4577 initium*
399 4505 431 4555 ²²
445 4520 483 4568 ll·
504 4506 535 4553 1¹·
557 4508 568 4553 1
588 4502 689 4565 ²⁴18ll·
710 4499 825 4570 ἡδυεπὴς
849 4541 853 4550 ·
872 4540 875 4548 ·
894 4541 898 4549 ·
919 4498 990 4570 λιγὺς
1009 4496 1110 4552 Πυλίων
1129 4499 1275 4570 ἀγορητής,
1295 4506 1340 4552 τοῦ
1358 4502 1401 4552 καὶ
1419 4502 1469 4553 ἀπὸ
1488 4500 1604 4571 pluteum:
1624 4503 1726 4572 μέλιτος
1745 4505 1806 4574 tlo-

169 4593 233 4645 κίων
253 4592 307 4664 [ἔτι
327 4589 393 4662 αὐδή

261 4850 291 4900 13
310 4862 419 4911 namque
437 4844 494 4915 [2],
515 4862 572 4895 uam
590 4846 656 4894 dccl.
785 4844 813 4892 14
835 4857 908 4891 versu
926 4841 972 4910 [2]
989 4846 1071 4903 volpe,
1093 4859 1163 4892 versa
1183 4846 1301 4892 Heinsius
1322 4846 1364 4904 res.
1388 4849 1482 4906 Appui¹
1505 4850 1572 4897 Flor.
1595 4854 1626 4897 18
1643 4866 1669 4910 p.
1685 4855 1714 4897 91
1739 4853 1803 4897 (lud,

172 4941 219 4987 ‘aa
236 4939 287 4985 ium
304 4941 326 4983 et
342 4950 430 4997 proruo
447 4939 470 4981 et
488 4947 560 4980 vorsu
578 4930 702 4992 semodio
719 4936 848 4980 venentur
865 4927 940 4991 aum',
966 4930 1034 4977 uude
1056 4930 1162 4989 secturae
1181 4937 1202 4978 ct
1221 4930 1264 4978 hoc
1282 4932 1332 4978 loro
1351 4946 1435 4994 prorsa
1456 4971 1460 4979 .
1477 4971 1482 4982 .
1502 4971 1507 4982 .
1529 4950 1598 4983 vom
1616 4936 1793 4983 restituendum

172 5024 204 5073 le
222 5024 317 5085 priscos
334 5028 361 5070 et
378 5023 466 5069 heroas
484 5015 540 5086 [2],
560 5021 654 5081 priscos
672 5023 701 5065 ut
720 5024 746 5064 at
763 5017 850 5064 heroes
874 5017 926 5063 lin.
946 5018 1026 5077 volpe,
1047 5018 1142 5078 priseos
1160 5024 1189 5064 ut
1208 5020 1253 5064 tris
1271 5018 1358 5064 heroas
1376 5032 1419 5077 epo
1535 5021 1564 5069 17
1584 5037 1639 5069 cum
1659 5031 1805 5069 memorum

168 5107 216 5176 [2]
233 5124 294 5160 corr.
316 5107 382 5157 Scul.
489 5105 522 5154 20
541 5105 643 5154 Dullehi
662 5099 709 5169 [V]
727 5118 789 5152 corr.
811 5101 879 5149 Saul.
987 5101 1020 5150 26
1039 5103 1246 5165 mythoplasmata
1264 5099 1313 5167 [2]
1331 5117 1393 5151 corr.
1416 5103 1481 5152 Stoi.
1598 5107 1628 5154 2ῖ
1648 5107 1752 5165 fortusse
1771 5109 1804 5155 li-

169 5197 235 5244 berti
252 5196 323 5242 ambo
427 5193 526 5241 doceret
538 5186 585 5256 [V]
602 5206 663 5239 corr.
679 5189 746 5237 Saul.
856 5187 888 5236 29
908 5191 976 5236 nasci
990 5185 1044 5254 [2],
1067 5191 1177 5236 nancisci
1196 5189 1261 5237 aral.
1278 5190 1357 5249 colpe,
1379 5192 1473 5237 nascier
1494 5191 1650 5241 Pulmoneum
1668 5199 1690 5238 er
1710 5194 1802 5248 Imma,

169 5283 292 5330 aiennaci
311 5280 428 5328 Heinsius
532 5278 634 5339 paribus
652 5277 761 5335 ingeniis
780 5272 824 5340 [2]
842 5290 904 5322 corr.
927 5276 992 5324 Scul.

258 5361 308 5417 28.
344 5365 471 5414 Victorino
488 5360 548 5429 [2],
569 5363 679 5410 victorio
698 5361 765 5409 Saul.
876 5359 886 5408 l
910 5360 1040 5409 victorine
1058 5357 1119 5425 [2],
1141 5362 1235 5407 l'ictori
1255 5361 1321 5410 Scul.
1431 5362 1445 5410 2
1465 5365 1565 5412 assidue
1587 5363 1630 5430 [2]
1729 5368 1744 5414 6
1764 5383 1804 5414 ῃ.

168 5454 259 5513 aridei]
278 5448 342 5519 [2],
361 5452 482 5500 sacrificia
500 5450 568 5498 Saul.
582 5450 654 5508 volpe
756 5447 769 5494 ῖ
790 5449 927 5508 ambiguis,
948 5453 1009 5509 quot
1028 5447 1163 5493 Mommsen
1266 5447 1351 5497 9-12
1370 5451 1396 5495 in
1414 5465 1464 5509 mo.
1478 5449 1614 5511 adscriptor
1632 5452 1805 5501 cracBrandm

167 5537 428 5588 monumento
446 5550 474 5584 eo
493 5536 610 5596 cumdio,
629 5539 658 5582 ut
674 5538 759 5595 postca
777 5536 841 5582 inter
858 5550 898 5582 vv.
914 5528 982 5581 5—'8
995 5537 1017 5580 ct
1030 5534 1132 5592 9-19,
1154 5532 1239 5593 quihus
1257 5533 1353 5581 eaedem
1371 5548 1423 5586 rea.
1442 5537 1484 5582 red
1502 5539 1586 5597 paullo
1605 5539 1677 5585 aliter
1695 5544 1805 5587 tractuu-

168 5632 217 5690 tur,
237 5623 345 5686 dicendi
363 5623 409 5672 aidi
426 5626 486 5670 acet
501 5625 618 5683 potestur.
637 5633 694 5680 epo
706 5635 748 5668 cv.
763 5621 849 5666 9-19
860 5618 891 5667 uh
904 5621 1015 5667 Ausonio
1025 5620 1149 5678 praelator
1162 5631 1211 5665 core
1222 5624 1281 5678 puto
1386 5616 1402 5667 e
1422 5628 1587 5684 veterumque
1599 5619 1645 5690 [V]
1656 5638 1720 5672 corr,
1736 5624 1802 5673 δραι,
