4358 6234
764 324 993 381 aurursuvu
1013 321 1127 381 norro
1151 326 1247 387 uun.
1780 334 1821 395 29

191 516 326 582 comitas
347 515 408 581 fuit
429 523 463 581 et
483 516 549 582 iam
570 524 646 582 ante
665 514 927 582 Germanicorum
952 515 1017 600 (in)
1041 514 1169 581 cohorte
1192 516 1365 581 amicorum
1388 523 1421 582 et
1443 517 1625 600 legionibus
1647 518 1817 585 familiaris

191 618 387 684 humanitas.
427 618 486 684 sed
508 638 569 701 ego
591 619 666 685 nolo
688 618 946 685 benevolentiam
961 624 1050 684 tuam
1066 619 1202 684 aliorum
1218 619 1390 685 collatione
1406 620 1614 703 praecellere.
1653 621 1819 688 abundant

192 722 226 788 in
248 728 280 788 te
303 741 344 788 ea
365 721 516 788 bonitatis
539 728 571 789 et
593 721 718 788 virtutis
742 722 908 806 exempla,
934 741 1018 805 quae
1043 720 1135 803 sequi
1157 721 1266 805 cupiat
1287 728 1422 789 ventura
1445 723 1618 808 posteritas
1640 730 1685 804 et,
1717 724 1745 789 si
1768 746 1819 791 re-

142 840 174 884 as
192 844 262 891 rum
283 833 399 891 natura
421 831 595 909 pateretur,
622 824 761 891 adscribi
784 824 844 889 sibi
867 825 1023 890 voluisset
1044 823 1231 908 antiquitas.

278 928 384 993 XVII.
409 928 552 995 Necesse
574 934 752 995 esttamen
775 927 900 1011 aliquid
923 928 1117 1013 comparari,
1153 936 1188 993 ut
1216 927 1320 1013 possit
1348 928 1495 1011 intellegi
1518 929 1604 995 bona
1626 937 1736 996 nostra
1757 952 1819 1016 quo

192 1039 366 1117 praestent.
408 1036 461 1098 76.
487 1038 691 1116 aegrotantes
707 1031 826 1097 amicos
841 1031 1002 1097 Traianus
1018 1031 1122 1097 visere
1139 1032 1279 1098 solebat:
1304 1031 1459 1097 haetenus
1474 1031 1507 1097 in
1523 1053 1560 1098 eo
1576 1033 1709 1100 comitas
1725 1055 1820 1118 prae-

193 1134 332 1201 dicanda
354 1141 419 1202 est:
453 1141 488 1201 tu
511 1142 544 1201 et
565 1135 670 1200 visere
693 1135 806 1200 solitus
830 1140 862 1200 et
884 1133 1008 1200 mederi
1030 1135 1166 1219 praebes
1189 1135 1366 1216 ministros,
1394 1135 1525 1200 instruis
1548 1136 1652 1217 cibos,
1679 1137 1821 1203 fomenta

192 1236 380 1323 dispensas,
407 1244 569 1324 sumptum
592 1237 693 1304 adicis
717 1238 926 1318 medelarum,
956 1238 1132 1303 consolaris
1154 1237 1310 1319 adfectos,
1336 1239 1610 1304 revalescentibus
1633 1241 1816 1323 gratularis.

159 1341 225 1407 sin
247 1348 327 1424 quot
346 1342 417 1407 vias
440 1342 481 1410 de
503 1362 568 1407 una
590 1341 660 1408 eins
681 1341 880 1407 humanitate
896 1339 1113 1426 progrederis!
1163 1343 1214 1405 77.
1240 1341 1421 1424 legionibus
1436 1342 1606 1426 universis,
1633 1343 1715 1409 utin
1731 1364 1819 1410 eom-

192 1444 280 1509 muni
302 1451 405 1512 marte
426 1444 545 1529 evenit,
571 1444 600 1510 si
622 1445 699 1528 quid
722 1445 851 1511 adversi
872 1443 1044 1525 acciderat,
1071 1443 1137 1510 vidi
1159 1451 1191 1510 te
1215 1445 1383 1510 circumire
1397 1445 1544 1523 tentoria,
1576 1446 1678 1511 ‘satin
1693 1449 1817 1514 salvae’

191 1567 361 1630 quaerere,
395 1555 534 1615 natare
561 1549 696 1614 vulnera
725 1549 906 1615 sauciorum
930 1554 977 1629 et,
1013 1556 1048 1614 ut
1078 1548 1265 1614 salutiferae
1292 1555 1530 1632 apponerentur
1551 1548 1698 1617 medelae
1721 1558 1818 1633 atque

192 1657 313 1716 utnon
334 1656 531 1732 cessaretur,
566 1651 697 1717 instare.
744 1651 812 1717 vidi
840 1650 996 1734 quosdam
1026 1651 1229 1717 fastidientes
1260 1652 1365 1717 eibum
1388 1657 1419 1716 te
1443 1651 1686 1718 commendante
1710 1672 1821 1738 sump-

193 1753 286 1820 sisse.
333 1754 443 1819 audivi
465 1754 685 1820 confirmantia
707 1754 750 1821 ad
773 1755 909 1820 salutem
926 1753 989 1840 (te)
1010 1755 1108 1821 verba
1123 1754 1254 1840 profari,
1280 1774 1445 1821 occurrere
1467 1761 1499 1820 te
1522 1754 1693 1821 desideriis
1707 1756 1820 1839 singu-

144 1875 173 1916 ιο
193 1859 310 1924 lomm:
337 1857 433 1923 huius
456 1857 599 1923 sarcinas
621 1857 717 1923 mulis
739 1857 854 1924 aulicis
877 1859 1012 1939 vehere,
1042 1858 1093 1923 his
1115 1858 1272 1943 specialia
1294 1860 1437 1925 iumenta
1467 1859 1639 1944 praebere,
1668 1859 1735 1925 illis
1758 1861 1819 1925 mi-

192 1959 325 2026 nisteria
355 1961 551 2045 perditorum
578 1960 758 2026 instaurare
790 1961 945 2026 lixarum:
981 1961 1116 2026 aliomm
1151 1968 1329 2046 egestatem
1358 1962 1495 2028 tolerare
1529 1969 1673 2047 sumptu,
1709 1964 1819 2029 horum

193 2063 372 2129 nuditatem
395 2064 504 2130 velare
527 2062 662 2129 vestitu:
689 2064 796 2130 omnia
817 2084 915 2148 agere
938 2064 1103 2131 indefesse
1129 2073 1162 2131 et
1182 2065 1331 2148 benigne,
1360 2065 1479 2150 pietate
1502 2065 1651 2147 maxima,
1678 2073 1822 2133 ostenta-

194 2166 279 2232 tione
301 2166 402 2247 nulla,
432 2166 539 2231 omnia
561 2168 716 2251 praebere
739 2167 858 2250 aegris,
891 2167 971 2232 nihil
995 2168 1189 2252 exprobrare
1212 2169 1346 2234 sanatis.
1395 2172 1447 2234 78.
1472 2168 1548 2235 inde
1572 2170 1693 2235 eunetis
1717 2172 1821 2238 salute

193 2277 303 2336 nostra
326 2270 429 2336 carior
451 2270 556 2336 faetus
578 2270 739 2352 meruisti,
767 2277 802 2336 ut
824 2270 962 2336 haberes
984 2270 1105 2336 amieos
1127 2271 1293 2351 obnoxios,
1319 2280 1492 2357 promptos,
1520 2272 1664 2355 devotos,
1693 2273 1816 2355 fideles,

144 2392 175 2432 ιι
192 2373 227 2439 in
248 2394 365 2440 aevum
387 2395 479 2440 omne
502 2393 679 2453 mansuros,
705 2375 819 2457 quales
842 2374 959 2439 caritas
982 2375 1087 2459 potius
1110 2396 1205 2458 quarn
1228 2375 1356 2440 fortuna
1377 2374 1537 2440 conciliat.

279 2477 402 2542 XVIII.
427 2479 479 2540 79.
506 2476 702 2542 Concludam
725 2475 878 2562 deinceps
901 2478 1076 2544 orationem
1091 2499 1206 2559 meam,
1235 2478 1380 2563 piissime
1396 2479 1552 2561 Auguste,
1580 2478 1734 2544 sermonis
1750 2500 1819 2545 ma-

193 2578 245 2662 gis
267 2579 330 2644 fine
352 2599 448 2662 quam
470 2578 608 2662 gratiae.
646 2600 787 2662 namque
810 2580 869 2646 illa
891 2587 1048 2666 perpetua
1070 2588 1120 2647 est
1142 2588 1174 2648 et
1196 2581 1299 2666 spatio
1321 2601 1384 2646 non
1406 2580 1627 2647 transmeabili
1648 2582 1818 2648 terminum

193 2681 293 2747 calcis
313 2682 452 2766 ignorat.
498 2680 585 2748 flexu
608 2689 717 2749 tamen
740 2704 839 2768 parvo
866 2691 1022 2750 necate
1045 2685 1156 2769 procul
1180 2693 1348 2751 convertar
1376 2683 1553 2750 addeum:
1603 2687 1654 2749 80.
1680 2685 1819 2752 Aeterne

193 2785 334 2852 omnium
356 2787 492 2868 genitor,
519 2786 590 2871 ipse
612 2806 675 2851 non
698 2787 816 2869 genite,
844 2786 952 2871 opifex
975 2795 1008 2853 et
1030 2807 1128 2853 causa
1151 2788 1273 2869 mundi,
1300 2787 1456 2873 principio
1471 2787 1639 2870 antiquior,
1667 2788 1730 2854 fine
1746 2789 1820 2855 diu-

161 2889 332 2970 sturnior,
363 2889 419 2971 qni
440 2889 563 2973 templa
583 2889 642 2955 tibi
664 2898 697 2957 et
718 2910 792 2956 aras
814 2891 1034 2975 penetralibus
1056 2891 1251 2956 initiatorum
1274 2891 1435 2958 mentibus
1458 2890 1644 2972 condidisti,
1679 2899 1712 2957 tu
1736 2893 1820 2958 Gra·

192 2991 290 3074 tiano,
316 2992 526 3057 humanarum
550 3012 656 3058 rerum
679 2992 818 3074 domino,
846 2991 1025 3058 eiusmodi
1049 2993 1174 3059 semina
1196 2994 1296 3059 nostri
1319 2994 1438 3060 amoris
1460 2994 1599 3074 inolesti,
1628 3001 1662 3060 ut
1683 2995 1762 3061 nihil
1787 2997 1819 3062 in

194 3095 342 3179 digressu
365 3095 494 3179 segnior·
516 3094 621 3160 factus
643 3095 842 3162 meminisset
858 3096 972 3176 relicti,
999 3097 1176 3162 illustraret
1190 3097 1366 3175 absentem,
1394 3097 1618 3182 praesentibus
1633 3099 1817 3184 anteferret,

193 3196 311 3264 deinde
334 3198 410 3282 quia
424 3198 581 3264 interesse
597 3199 779 3283 primordiis
794 3199 962 3283 dignitatis
979 3220 1037 3283 per
1051 3201 1191 3265 locorum
1208 3200 1380 3265 intervalla
1394 3220 1457 3265 non
1474 3207 1606 3284 poterat,
1634 3202 1678 3266 ad
1693 3203 1821 3267 sollem-

193 3302 326 3368 nitatem
355 3301 513 3367 oondendi
542 3302 668 3367 honoris
692 3310 888 3385 occurreret,
922 3303 1088 3369 beneficiis
1118 3323 1158 3368 ue
1189 3303 1318 3368 deesset
1344 3301 1496 3367 officium.
1545 3306 1597 3367 81.
1622 3325 1705 3385 quae
1735 3306 1820 3371 enim

145 3426 173 3466 ro
193 3425 344 3488 umquam
366 3405 518 3470 memoria
547 3412 765 3472 transcursum
794 3412 902 3471 tantae
933 3406 1105 3472 celeritatis
1135 3406 1188 3471 vel
1215 3406 1248 3470 in
1278 3405 1455 3471 audaeibus
1478 3406 1673 3472 Graecorum
1704 3408 1822 3474 fabulis

194 3513 372 3573 commenta
395 3513 463 3574 est?
489 3508 634 3591 Pegasus
657 3509 788 3575 volucer
810 3516 901 3574 actus
924 3530 945 3574 a
970 3509 1070 3592 Lycia
1092 3529 1155 3574 non
1178 3509 1261 3574 ultra
1283 3507 1429 3575 Ciliciam
1452 3510 1643 3593 permeavit:
1672 3510 1822 3595 Cyllarus

194 3618 291 3694 atque
306 3611 403 3677 Arion
427 3612 510 3677 inter
525 3611 629 3694 Argos
645 3612 864 3696 Ncmeamque
888 3620 1076 3678 senuerunt:
1103 3613 1167 3697 ipsi
1191 3613 1358 3678 Castorum
1383 3612 1465 3695 equi,
1493 3612 1578 3696 quod
1600 3613 1820 3695 longissimum

193 3714 255 3780 iter
276 3721 341 3793 est,
368 3714 516 3779 nonnisi
539 3722 660 3781 mutato
684 3724 810 3781 vectore
833 3723 1063 3781 transcurrunt.
1113 3719 1165 3781 82.
1192 3725 1243 3797 tu,
1272 3715 1442 3796 Gratiano,
1470 3722 1516 3781 tot
1538 3716 1673 3782 Romani
1696 3717 1821 3802 imperii

194 3817 330 3896 limites,
358 3823 404 3881 tot
424 3815 557 3882 flumina
578 3824 611 3884 et
632 3818 738 3898 lacus,
764 3824 811 3884 tot
832 3825 984 3885 veterum¹
1000 3820 1197 3904 intersaepta
1220 3839 1389 3903 reguomm
1413 3819 1454 3883 ab
1477 3838 1579 3901 usque
1601 3819 1741 3885 Thracia
1763 3840 1822 3905 per

147 3941 176 3982 rs
194 3927 311 4000 totum,
346 3939 440 4001 quam
463 3920 594 4003 longum
618 3927 684 4002 est,
717 3922 802 3987 latus
826 3922 963 4006 Illyrici,
999 3921 1169 3988 Venetiam
1192 3921 1418 4006 liguriamque
1449 3929 1482 3989 et
1503 3922 1644 3991 Galliam
1668 3931 1818 3999 veterem,

194 4020 427 4107 insuperabilia
442 4022 585 4102 Raetiae,
613 4023 719 4090 Rheni
741 4025 900 4105 †accolas,
929 4026 1149 4108 Sequanorum
1166 4025 1265 4105 invia,
1292 4032 1437 4110 porrecta
1453 4026 1647 4092 Germaniae
1670 4024 1823 4092 celeriore

282 4303 380 4353 XVIII.
401 4304 416 4352 3
435 4305 501 4354 Plln.
522 4318 580 4366 pau.
600 4303 634 4354 94
749 4305 763 4353 5
783 4306 852 4353 Paul.
874 4306 903 4353 ad
923 4305 976 4354 Gor.
998 4307 1008 4352 l
1029 4305 1054 4367 3,
1078 4305 1109 4354 16
1131 4304 1164 4367 (6,
1187 4305 1233 4368 rc;
1255 4305 1323 4368 116,
1347 4305 1387 4367 16)
1506 4304 1537 4353 10
1556 4307 1612 4353 lnv.
1633 4304 1657 4352 Χ
1678 4303 1776 4366 lilsq.
1796 4311 1822 4353 et

196 4389 316 4450 quidquid
335 4389 437 4438 Graecia
463 4391 571 4438 mendax
596 4391 673 4439 audet
694 4393 721 4439 iu
739 4392 842 4440 blstoria
985 4390 1011 4440 11
1032 4394 1085 4441 lue.
1106 4406 1164 4454 pan.
1185 4393 1314 4442 Constant.
1336 4393 1359 4441 d.
1385 4392 1448 4454 (Vll)
1471 4390 1563 4453 Squis
1581 4392 1648 4438 euim
1666 4394 1692 4438 te
1710 4390 1823 4449 Cyllarus

197 4479 243 4522 aut
261 4476 338 4523 Arion
358 4481 441 4538 posset
460 4479 557 4539 cripere

281 4733 314 4782 22
333 4734 391 4782 lnde
410 4749 440 4796 ω,
461 4741 519 4782 ante
538 4749 581 4794 eqo
716 4734 813 4782 cohorte
833 4751 863 4795 ω,
884 4735 976 4783 cohorti
997 4735 1066 4795 Pur„
1087 4737 1113 4782 in
1132 4735 1230 4784 cohorte
1249 4750 1291 4795 eqo
1429 4717 1652 4784 carlmannum
1675 4735 1695 4780 Τ
1715 4736 1732 4795 (i
1751 4734 1821 4795 det),

196 4821 391 4869 benivoleutlam
404 4825 448 4870 cel.
544 4821 678 4882 percellere
695 4822 833 4880 Toilvolpo
927 4821 1073 4870 habundant
1089 4820 1139 4868 ΤΜ
1241 4822 1273 4870 li
1293 4818 1377 4887 sequi]
1390 4822 1461 4884 sique
1475 4821 1503 4868 Μ
1606 4820 1637 4869 25
1657 4820 1760 4867 asserlbl
1776 4816 1825 4880 Tp²

281 4906 364 4954 XVII.
386 4904 400 4953 2
420 4906 579 4965 travannslll
675 4906 809 4955 deflectos
826 4907 846 4952 Τ
950 4908 1049 4969 5quod
1064 4908 1091 4954 Μ
1195 4908 1308 4956 dmarte
1322 4906 1351 4953 Μ
1447 4910 1537 4956 tatoris
1549 4909 1618 4956 satiri
1634 4906 1660 4953 Μ
1764 4906 1823 4953 ‘lto

194 4990 281 5040 addidi
384 4992 447 5051 piari
468 4990 567 5054 Tlikp‘l,
588 4994 680 5056 profari
699 4997 743 5042 cet.
860 5000 1005 5041 oecurrente
1024 4994 1058 5055 Μ,
1080 5008 1206 5042 occurrere
1224 4999 1280 5055 cet,
1301 5008 1428 5042 occurrero
1446 4999 1471 5042 te
1490 5008 1532 5054 ιρο
1645 4992 1826 5051 siuglorumT

197 5076 223 5126 11
246 5077 403 5126 tollerarchf
507 5076 537 5126 13
556 5067 740 5140 exprobrareT
847 5079 876 5127 11
894 5085 973 5146 putes
988 5079 1016 5125 Μ
1121 5080 1151 5129 15
1171 5080 1313 5129 charitati*
1400 5080 1488 5127 caritas
1502 5093 1551 5127 nou
1565 5079 1737 5127 fortuuaPur.
1752 5078 1823 5136 volgo

281 5164 377 5213 xvnr.
401 5149 585 5213 trutmonia
655 5164 831 5226 ἳιιιιιιμιιΤ
899 5167 914 5213 3
932 5167 1094 5216 OEterneT
1162 5166 1300 5226 bfortusse
1314 5167 1339 5212 iu
1352 5166 1524 5227 penetralibus
1594 5164 1789 5213 thomaruml'

194 5231 247 5299 hT
313 5252 410 5299 molesti
426 5249 469 5297 Mle
557 5250 709 5299 'letrelicti
725 5249 842 5312 spitus,
858 5258 942 5301 etom.
958 5257 1001 5300 ιιι.
1087 5252 1179 5300 Bdeiu
1195 5249 1318 5313 lipposa
1385 5249 1480 5300 iutero’e'
1494 5251 1520 5296 Μ
1589 5251 1773 5297 solemnitatem
1787 5249 1821 5311 M,

195 5336 409 5384 solennitateml'
482 5335 512 5384 lo
526 5338 642 5385 memorii
656 5338 784 5397 (memoria
801 5337 883 5400 ipat)
900 5354 1019 5401 nmquam
1036 5339 1154 5400 (unquam
1169 5336 1227 5400 Τρῖ)
1244 5340 1361 5385 memoria
1373 5354 1404 5399 ω,
1420 5339 1538 5385 memoria
1551 5350 1659 5410 unquam
1676 5335 1731 5382 Tell
1744 5337 1823 5395 volpe,

190 5468 310 5519 nmquam
324 5458 440 5505 memoria
453 5470 496 5517 eye
595 5457 621 5506 11
644 5458 767 5517 ιγιιοιῑιΤ
866 5459 896 5508 12
915 5460 1120 5527 nemesesqu
1207 5465 1342 5506 secuerunt
1356 5457 1385 5505 Μ
1484 5458 1513 5505 13
1527 5404 1643 5517 lih'thhrT,
1665 5459 1713 5504 iter
1723 5472 1741 5518 p
1756 5456 1774 5517 (i
1787 5453 1824 5504 m²

190 5542 302 5603 inm),
322 5542 390 5590 iuter
407 5548 451 5592 cet.
560 5542 590 5592 11
610 5543 728 5592 trseisM
833 5545 863 5594 15
881 5548 971 5606 longus
989 5553 1029 5594 est
1046 5548 1115 5594 locus
1134 5562 1166 5609 ω,
1186 5547 1286 5605 longum
1304 5550 1344 5593 eat
1361 5545 1426 5592 latus
1445 5544 1565 5592 Graeciae
1668 5545 1753 5591 illirici
1769 5542 1821 5590 ΤΜ

196 5624 229 5679 lb
246 5627 347 5679 madae
366 5627 397 5692 T,
417 5630 499 5677 rethia
519 5629 545 5677 Μ
649 5631 738 5680 accolis
752 5631 788 5692 Μ,
809 5634 903 5681 accolas
920 5638 976 5696 eet,
997 5647 1089 5695 aquosa
1108 5632 1238 5680 Acidaliae
1252 5633 1338 5692 υοιρος
1358 5630 1462 5692 sorim
1480 5632 1582 5680 scollvla
1688 5631 1782 5680 iniuria
1802 5628 1828 5676 Μ
