4448 6226
889 324 1168 382 EPIGRAMMATA
1187 325 1357 394 (xv-XX).

577 537 590 578 ο
642 515 780 582 Nestore
802 515 862 582 sim
885 517 1033 601 quamvis
1056 516 1234 602 provectior
1254 518 1447 601 aemulaque
1468 516 1563 584 annis

729 619 840 686 vineas
863 621 1039 687 Cumanam
1062 627 1097 686 tu
1119 640 1246 704 quoque
1268 621 1473 707 Deiphoben,

643 742 702 789 nos
723 723 910 807 ignoremus
932 724 1010 807 qnid
1033 724 1077 790 sit
1097 730 1224 790 matura
1247 731 1406 791 senectus.

730 828 813 894 seito
834 828 908 894 aevi
930 828 1092 911 moritum,
1119 849 1183 894 non
1204 849 1372 895 numerare
1394 828 1497 895 deoet.

814 1257 953 1323 XVIIII.
981 1257 1028 1322 IN
1050 1258 1173 1323 ANVM
1195 1258 1422 1324 EBRIOSAM.

641 1464 704 1543 Qui
727 1465 866 1551 primus,
891 1465 1016 1548 Meroe,
1042 1485 1158 1531 nomon
1179 1465 1237 1532 tibi
1260 1464 1420 1550 condidit,
1445 1466 1503 1531 illo

726 1569 890 1635 Thesidae
912 1589 1028 1634 nomen
1050 1568 1193 1634 condidit
1215 1569 1401 1655 Hippolyto.

640 1693 716 1737 nam
738 1672 884 1738 diuinare
908 1678 958 1738 ost
979 1692 1094 1738 nomon
1117 1692 1321 1758 oomponero,
1349 1672 1434 1756 quod
1456 1673 1499 1739 sit

726 1775 872 1841 fortunae
896 1782 928 1842 ot
949 1797 1072 1842 morum
1095 1777 1148 1842 vol
1170 1776 1258 1843 noeis
1279 1775 1447 1842 indicium.

574 1900 587 1936 ο
639 1878 829 1960 Protesilao,
857 1878 915 1944 tibi
937 1900 1054 1946 nomen
1076 1879 1123 1945 sie
1146 1878 1215 1944 fata
1237 1878 1411 1961 dedorunt,

725 1982 856 2048 vietlma
878 1981 963 2064 quod
985 1982 1103 2047 Troiae
1125 1982 1230 2067 prima
1252 1983 1379 2048 futurus
1403 2003 1487 2048 oras.

639 2084 775 2151 ldmona
796 2084 883 2168 quod
905 2092 1029 2167 vatem,
1054 2084 1214 2150 modicum
1237 2085 1322 2167 quod
1344 2086 1471 2171 Iapyga
1493 2086 1616 2165 dieunt,

726 2187 898 2254 discendas
920 2195 1006 2253 artos
1028 2188 1157 2253 nomina
1179 2188 1401 2273 praeveniunt.

639 2297 672 2356 ot
693 2297 728 2356 tn
751 2292 814 2375 sio,
840 2293 965 2375 Meroe,
991 2312 1055 2357 non
1077 2291 1164 2374 quod
1186 2292 1232 2358 oio
1254 2298 1325 2356 atra
1347 2292 1467 2375 colore,

556 2413 585 2454 ιο
725 2400 760 2459 nt
782 2415 865 2478 quao
888 2394 1019 2460 Niliaea
1041 2394 1183 2460 naseitnr
1205 2393 1239 2459 in
1261 2394 1385 2476 Meroe,

637 2497 780 2563 infusum
804 2497 863 2564 sed
884 2496 970 2581 qnod
991 2498 1100 2563 vinum
1123 2518 1186 2564 non
1209 2497 1306 2563 diluis
1329 2497 1440 2580 undis,

723 2609 835 2687 potare
856 2601 1037 2667 immixtum
1060 2609 1153 2668 sueta
1174 2622 1361 2685 merumque
1384 2620 1517 2665 merum.

928 3032 1004 3097 XX.
1034 3031 1094 3095 EX
1117 3031 1302 3101 GRAECO.

635 3240 687 3305 Me
709 3239 851 3325 lapidem
873 3238 1034 3322 qnondam
1057 3240 1175 3305 Persae
1198 3238 1375 3319 advexere,
1402 3246 1567 3324 tropaeum

721 3351 756 3409 ut
778 3344 886 3409 fierom
909 3343 1012 3409 bello:
1037 3363 1121 3408 nune
1143 3363 1204 3426 ego
1228 3363 1299 3408 snm
1320 3343 1481 3408 Nemesis.

638 3467 677 3512 ae
699 3447 783 3512 sieut
804 3446 937 3513 Graecis
959 3446 1132 3513 viatoribus
1155 3453 1225 3512 asto
1248 3452 1432 3530 tropaeum,

721 3550 819 3636 punio
842 3550 889 3616 sio
911 3551 1027 3616 Persas
1050 3551 1213 3616 vanilooos
1235 3549 1385 3615 nemesis.

302 3778 352 3783 --
374 3779 475 3784 -.--...
483 3779 488 3783 .
502 3779 712 3786 ——-—-—-=

386 3931 495 3980 xvlul.
536 3930 546 3979 i
568 3933 662 3995 Appnl.
677 3933 738 3981 Mot.
754 3931 793 3980 17
814 3933 843 3981 ad
862 3933 984 3994 quandam
1003 3946 1140 3993 cauponam
1160 3933 1260 3980 Meroen
1341 3932 1449 3991 IVerg.
1464 3933 1527 3981 llon.
1542 3932 1591 3980 XII
1605 3930 1651 3981 391
1674 3932 1772 3980 Phoebo
1790 3938 1849 3981 aute
1866 3934 1927 3982 alles

297 4017 405 4066 dilectos
423 4020 501 4081 Iapyx
520 4019 614 4067 Iasides

385 4123 444 4172 xx.
483 4123 562 4170 AutIr.
584 4123 635 4172 Pal.
656 4123 717 4171 XVI
737 4123 787 4172 263
805 4118 910 4189 ἄδηλον.
948 4119 984 4178 εἰς
1003 4115 1130 4188 Νέμεσιιιι

712 4205 773 4276 Πρέν
793 4224 824 4275 με
843 4205 915 4259 λίθον
934 4203 1029 4276 Πέρσαι
1047 4206 1113 4277 δεῦρ’
1131 4205 1237 4275 ἤγαγον,
1258 4203 1324 4275 ὄφρα
1341 4206 1462 4275 τρόπαιον

781 4292 914 4362 στήσονται
932 4288 1029 4349 Νίκας·
1049 4291 1103 4360 elpl
1121 4289 1149 4343 δὲ
1167 4296 1211 4343 νῦν
1230 4287 1349 4359 Νέμεσις.

710 4378 867 4448 ἀμφοτέροις
886 4377 907 4429 δ’
927 4376 1033 4447 έσττρια,
1054 4377 1097 4429 aul
1112 4373 1267 4447 Ἓλλὴιιεσσι
1283 4376 1404 4447 τρόπαιον

778 4464 849 4522 νίκας
867 4463 911 4516 καὶ
930 4461 1038 4533 Πέρσαις
1056 4468 1101 4516 τοῦ
1120 4461 1236 4531 πολέμου
1253 4461 1363 4531 νέμεσις.

383 4831 494 4879 donnes
514 4827 627 4892 TMp³d²,
648 4831 723 4878 annis
741 4834 785 4878 cet.
903 4827 1084 4890 lideyphobou
1106 4827 1127 4873 Τ
1147 4828 1172 4888 (y
1190 4840 1218 4874 er
1236 4827 1265 4887 i),
1287 4826 1427 4889 deiphoben
1449 4824 1503 4888 Mp³
1615 4823 1780 4894 Smeritum]
1800 4828 1922 4877 lneortnm

297 4917 335 4967 ed.
359 4917 421 4967 Tell.
440 4920 512 4979 volpe

383 5022 493 5072 XVIIII.
530 5022 663 5069 lemmata
683 5019 711 5067 M
812 5019 843 5067 ln
861 5018 962 5067 Meroen
984 5017 1108 5081 (Moroom)
1128 5030 1204 5065 anum
1223 5017 1343 5065 ebriosam
1362 5033 1381 5081 χ
1399 5017 1477 5076 volpe,
1498 5017 1597 5065 nullam
1615 5018 1705 5066 lamma
1725 5017 1746 5063 Τ
1852 5017 1861 5066 l
1884 5020 1924 5066 oui

299 5105 327 5153 M
457 5107 473 5156 2
491 5108 620 5170 hyppolito
640 5107 670 5167 Τ,
691 5107 801 5169 hypolIto
821 5104 849 5152 M
980 5105 1064 5154 diam
1088 5105 1108 5151 Τ
1239 5099 1397 5168 componere]
1415 5104 1456 5150 oui
1474 5117 1566 5164 ponere
1586 5104 1662 5151 Burro
1794 5104 1854 5152 lot
1872 5118 1920 5152 om.

296 5192 363 5242 ocal.
382 5195 454 5255 οοίρο
570 5191 619 5260 vel]
637 5200 663 5241 ot
684 5194 705 5240 Τ
820 5193 835 5241 5
853 5193 1003 5254 prothesilae
1025 5192 1045 5238 Τ
1158 5190 1223 5237 facts
1242 5189 1270 5236 M
1384 5188 1542 5238 lmedioum
1563 5190 1584 5236 Τ
1606 5190 1629 5250 (n
1648 5204 1677 5237 ex
1696 5191 1718 5252 ιι)
1834 5192 1923 5252 iapyga

295 5294 347 5342 ma,
369 5281 452 5343 lapiga
468 5286 523 5343 eet,
543 5280 632 5344 lapide
655 5277 727 5328 I'en.⁴
739 5281 812 5340 volpe
920 5277 946 5326 ll
969 5278 1103 5325 mondiIius
1125 5276 1145 5321 Τ
1163 5277 1200 5338 (in
1217 5289 1266 5335 ιορ.
1286 5271 1325 5324 ιιι2
1343 5288 1398 5336 ·pn·
1418 5288 1467 5323 uon
1485 5275 1573 5337 diluis)
1682 5275 1712 5325 12
1731 5277 1867 5324 inmixtum
1885 5277 1918 5337 vl,

295 5366 428 5415 Inmistum
444 5364 473 5414 ο2

386 5469 445 5519 XX.
483 5470 522 5519 Ex
541 5470 620 5519 Grero
639 5468 679 5530 M,
710 5470 749 5516 Ex
773 5469 819 5531 (De
836 5466 873 5530 vl)
893 5482 965 5529 greeo
982 5469 1124 5516 traductum
1143 5467 1173 5514 de
1192 5470 1275 5514 suine
1292 5467 1407 5514 Nemesls
1424 5483 1457 5531 χ,
1483 5466 1583 5512 nullom
1601 5467 1691 5514 lemma
1712 5464 1748 5525 T,
1776 5466 1923 5514 Nemesiso

297 5556 390 5606 Gnaeo
409 5556 477 5606 deal.
497 5557 568 5616 volpe
674 5554 852 5616 ltrophaeum
872 5571 893 5604 ω
1003 5553 1060 5602 iel
1077 5553 1093 5601 4
1112 5552 1239 5600 nomenoio
1258 5550 1286 5598 M
1395 5547 1469 5617 320]
1486 5557 1511 5599 at
1530 5551 1553 5598 Ε
1568 5552 1639 5611 volpe
1749 5556 1864 5613 tropeum
1883 5551 1919 5611 M,

296 5643 444 5705 trophaeum
462 5649 508 5692 cel.
612 5641 796 5702 inaniloquos
819 5643 857 5706 Τχ

376 5742 501 5782 Ausonias.
1679 5739 1712 5788 26
