4358 6234
905 344 1134 401 Pueehutvrr.
1786 345 1834 409 lX

207 566 332 632 Arborii
364 575 494 632 secutus
523 568 705 651 exemplum
735 567 978 649 grammaticam
1010 567 1116 651 coepit
1143 567 1285 652 profiteri
1313 565 1510 649 Burdigalac
1545 567 1604 647 (III
1637 568 1704 647 18),
1739 587 1833 650 quam

207 686 412 763 cathedram,
446 705 517 750 cunr
549 686 726 750 rhetoricae
756 686 920 751 docendae
948 705 1064 750 ruunus
1093 686 1136 750 ad
1166 706 1239 751 eum
1269 686 1380 751 delata
1407 691 1510 766 esset,
1544 685 1647 751 Acilio
1670 685 1836 750 Glabrioni

207 806 326 871 iuniori
348 805 481 871 tradidit
507 806 595 889 (XVI
618 809 669 886 25,
698 808 809 889 freq).
850 806 945 870 simul
969 827 1161 888 quamquam
1184 806 1296 881 rarius,
1324 806 1468 872 sednon
1491 805 1561 870 siue
1584 806 1682 872 laude
1703 805 1736 870 in
1760 826 1837 871 cau-

211 925 256 991 sis
278 926 461 992 forensibus
483 933 632 992 versatus
655 946 728 991 esse
751 927 879 992 videtur
906 926 1039 1008 11ΙΙ17ς
1066 928 1104 991 ΙΙ.
1131 927 1195 991 XII
1211 930 1277 1010 is).
1319 948 1389 992 curn
1405 926 1503 1010 igitur
1518 946 1575 1011 per
1590 926 1721 1009 triginta
1736 946 1838 991 annos

210 1045 347 1111 docendi
370 1046 499 1112 iunctus
521 1053 609 1113 esset
630 1067 762 1112 munere
785 1053 881 1131 atque
903 1047 936 1111 in
959 1067 999 1111 ea
1021 1068 1055 1113 re
1077 1068 1141 1113 non
1163 1053 1291 1112 tenuem
1315 1048 1445 1129 quidem
1467 1047 1621 1130 gloriam,
1655 1046 1713 1112 sed
1734 1045 1838 1111 modi-

209 1185 280 1231 cum
304 1186 382 1231 sane
406 1166 467 1232 sibi
490 1172 658 1249 (quaestum
683 1167 934 1251 comparavisset
960 1166 1069 1249 (11121
1089 1187 1171 1249 sqq,
1199 1168 1236 1231 E.
1255 1167 1318 1230 Xll
1334 1170 1466 1249 ‘28qu
1494 1166 1536 1232 ab
1559 1167 1750 1252 imperatore
1773 1167 1838 1231 Va-

210 1286 396 1363 lentiniano,
423 1292 458 1351 ut
481 1285 628 1352 Gratiani
651 1286 707 1350 filii
731 1286 895 1369 ingenium
918 1305 1086 1369 moresque
1109 1286 1271 1353 formaret.
1301 1288 1423 1353 electus
1446 1293 1505 1353 est.
1553 1287 1588 1351 id
1608 1288 1694 1370 quod
1717 1286 1836 1351 factum

209 1426 282 1472 esse
325 1406 461 1490 adparet
493 1406 576 1472 inter
608 1426 711 1471 anuos
745 1424 912 1488 eecnmn,
957 1428 1018 1490 quo
1052 1407 1223 1491 imperator
1256 1414 1382 1473 creatus
1416 1415 1465 1473 est
1498 1407 1760 1487 Valentinianus,
1805 1411 1838 1470 et

210 1544 400 1609 (rrerrxvnr,
441 1548 503 1611 quo
537 1527 699 1593 Ausonius
732 1528 956 1611 imperatorem
990 1529 1123 1612 eiusque
1156 1529 1275 1610 filium,
1312 1529 1366 1610 qui
1400 1529 1465 1593 iam
1499 1549 1582 1593 anno
1616 1534 1692 1593 ante
1725 1527 1838 1609 Augu-

209 1653 278 1713 stus
303 1647 488 1713 declaratus
510 1657 595 1729 erat,
627 1648 661 1711 in
684 1648 889 1733 expeditione
912 1649 1125 1714 Alamannica
1147 1649 1315 1715 comitatus
1338 1656 1388 1714 est
1414 1648 1535 1729 qxvssl
1558 1651 1589 1729 2,
1616 1651 1694 1728 122;
1728 1647 1837 1713 XXVI

213 1772 240 1847 1,
271 1771 325 1847 12;
353 1768 483 1831 Ε.ΙΙΙΙ
509 1772 537 1831 1.
564 1771 632 1850 81).
679 1768 748 1833 veri
778 1768 882 1832 simile
914 1775 1021 1833 tamen
1051 1776 1101 1834 est
1128 1769 1305 1834 Ausonium
1335 1767 1398 1832 iarn
1427 1774 1502 1834 ante
1531 1788 1650 1833 aunum
1679 1784 1838 1833 cccuxvrr

137 1964 145 1983 ·
209 1886 345 1951 accitum
374 1906 447 1953 esse
483 1887 532 1969 [ef.
559 1887 654 1951 Vllll
678 1891 744 1963 251.
792 1887 877 1970 quod
909 1894 1016 1953 autem
1047 1889 1107 1953 hoc
1137 1909 1269 1954 munere
1298 1895 1429 1954 ornatus
1459 1894 1523 1970 est,
1556 1887 1590 1952 id
1618 1909 1681 1954 non
1708 1895 1773 1953 tarn
1796 1887 1839 1951 ad

210 2006 339 2083 lauram,
365 2028 461 2090 quam
484 2007 545 2071 sibi
569 2007 714 2074 docendo
737 2015 995 2092 comparaverat,
1027 2009 1084 2073 sed
1107 2009 1150 2073 ad
1172 2009 1308 2091 gloriam
1332 2008 1526 2073 carminibus
1548 2015 1671 2093 partam
1695 2008 1840 2073 referen-

210 2127 287 2192 dum
318 2147 390 2192 esse
419 2128 598 2213 videtum),
631 2128 693 2193 nisi
724 2128 804 2194 sorte
826 2129 860 2193 in
883 2148 923 2193 ea
945 2148 979 2193 re
1002 2128 1152 2194 momenti
1176 2130 1342 2195 cuiusdam
1366 2129 1508 2211 Arborii,
1539 2150 1633 2213 quem
1657 2128 1840 2196 Constantis

210 2248 317 2312 studia
344 2248 468 2313 rexisse
498 2269 596 2334 supra
625 2249 783 2329 diximus,
817 2248 878 2313 fuit
906 2250 1070 2314 memoria.
1118 2256 1258 2314 ceterum
1282 2249 1444 2316 Ausonius
1472 2250 1542 2334 ipse
1573 2270 1608 2315 se
1629 2250 1663 2314 iu
1686 2249 1839 2314 Gratiano

209 2368 404 2433 instituendo
428 2368 563 2452 primum
586 2369 798 2451 grammatici,
825 2369 941 2434 deinde
964 2368 1100 2434 rhetoris
1122 2370 1226 2435 locum
1249 2369 1426 2434 obtinuisse
1448 2376 1584 2435 testatur
1611 2370 1669 2452 (ΙΙΙ
1685 2373 1724 2433 25
1738 2374 1836 2451 sqq).

297 2488 439 2553 Functus
469 2494 576 2554 autem
608 2496 657 2554 est
687 2510 724 2555 eo
747 2509 878 2554 munere
901 2489 1065 2554 Ausonius
1087 2490 1150 2569 ita,
1185 2496 1220 2554 ut
1242 2488 1389 2554 Gratiani
1412 2488 1552 2555 indolem
1575 2510 1652 2555 sane
1675 2489 1839 2572 egregiam

210 2607 338 2691 optimis
369 2609 530 2674 excoleret
558 2609 681 2675 artibus
707 2617 803 2693 atque
826 2609 869 2674 ad
891 2630 984 2675 omne
1007 2610 1176 2675 honestum
1199 2609 1422 2677 conformaret.
1471 2629 1509 2675 ac
1533 2609 1560 2675 si
1583 2608 1758 2675 Gratianus
1781 2610 1840 2674 ho-

210 2728 339 2794 norilice
373 2728 457 2793 inter
484 2729 694 2813 imperatores
723 2730 794 2795 eius
822 2731 944 2796 sacculi
973 2736 1185 2813 memoratur,
1223 2730 1257 2796 id
1291 2731 1360 2797 sine
1394 2731 1490 2796 dubio
1524 2750 1643 2814 magna
1675 2751 1715 2795 ex
1748 2737 1840 2815 parte

211 2847 347 2914 debetur
369 2849 522 2914 Ausonio.
570 2870 764 2934 quamquam
793 2870 856 2915 non
885 2852 1070 2935 negaverim
1096 2850 1249 2916 Gratiano
1278 2852 1344 2917 alio
1367 2853 1463 2918 etiam
1486 2870 1566 2935 opus
1588 2850 1690 2916 luisse
1712 2850 1841 2917 institu-

210 2974 296 3047 tore,
330 2969 383 3051 qui
413 2969 542 3034 mollem
573 2970 642 3034 cius
673 2970 815 3036 animum
844 2972 985 3039 fimraret
1006 2972 1240 3055 obduraretque
1262 2992 1317 3053 ac,
1350 2992 1391 3037 ne
1413 2970 1569 3036 obnoxius
1592 2971 1683 3036 fieret
1705 2970 1840 3035 aliorum

212 3088 385 3170 voluntati,
418 3110 513 3173 quarn
544 3089 685 3154 maxime
715 3097 853 3156 caveret.
901 3090 960 3156 sed
987 3091 1021 3154 id
1049 3112 1112 3156 non
1134 3092 1267 3156 Ausonii
1291 3090 1390 3156 fuisse
1413 3097 1523 3175 utpote
1546 3091 1683 3156 hominis
1706 3090 1837 3175 placidi,

213 3208 313 3288 leuis,
346 3230 367 3273 a
396 3211 492 3275 rebus
522 3210 659 3294 publicis
688 3210 799 3276 remoti
830 3217 926 3292 atque
955 3211 988 3275 iu
1019 3212 1204 3276 umbraculo
1234 3212 1356 3276 versari
1385 3210 1471 3275 soliti
1501 3209 1598 3276 facilc
1628 3210 1836 3293 intellegitur.

212 3328 289 3394 iecit
310 3336 418 3394 tamen
442 3330 526 3413 quod
549 3329 651 3415 potuit
673 3350 711 3396 ae
733 3338 819 3397 certe
842 3331 884 3396 ad
907 3331 977 3397 eius
1000 3331 1199 3414 potissimum
1223 3330 1427 3414 disciplinam
1449 3330 1652 3396 referendum
1669 3339 1727 3409 est,
1754 3331 1840 3414 quod

214 3449 363 3514 alumnus
387 3451 456 3516 cius
479 3458 609 3536 propter
631 3451 716 3517 vitae
739 3451 1001 3533 sanctimoniam,
1034 3451 1133 3517 animi
1161 3451 1410 3534 benignitatem,
1443 3451 1740 3532 mansuetudinem,
1774 3452 1841 3516 cle-

214 3570 364 3634 mentiam
388 3578 420 3634 et
442 3570 483 3634 ab
506 3571 698 3653 aequalibus
713 3571 968 3656 praedicabatur,
995 3572 1094 3637 veluti
1109 3572 1151 3636 ab
1167 3571 1335 3636 Ammiano
1352 3571 1537 3637 Marcellino
1558 3571 1682 3635 {XXXI
1700 3576 1750 3652 ro,
1773 3573 1837 3655 18),

213 3695 245 3754 et
267 3690 308 3754 ab
333 3691 428 3755 lurius
451 3690 567 3755 aetatis
590 3691 795 3775 scriptoribus
818 3692 944 3757 eximiis
967 3694 1097 3758 effertur
1119 3692 1315 3775 laudibusr).

301 3810 347 3874 Ac
369 3817 478 3891 gratos
502 3830 580 3876 sane
604 3810 819 3876 Valentiniani
843 3811 1053 3895 Gratianique
1076 3812 1109 3876 in
1132 3831 1167 3877 se
1189 3812 1313 3878 animes
1335 3818 1486 3896 expertus
1509 3820 1559 3878 est
1580 3812 1751 3877 Ausonius.
1793 3819 1841 3877 et-

214 3929 298 3994 enim
321 3951 342 3994 a
357 3930 582 3996 Valentiniano
605 3951 711 3996 eomes
733 3932 838 3998 lactus
860 3940 970 3998 eatae
992 3954 1054 3996 non
1079 3932 1177 3997 multo
1199 3939 1281 4015 post,
1308 3953 1379 3998 eum
1404 3933 1466 3997 iam
1485 3931 1660 3998 Gratianus
1675 3935 1841 4015 Augustus

214 4059 341 4116 creatus
370 4060 472 4130 esset,
506 4058 656 4133 quaestor
684 4052 767 4116 sacri
796 4052 907 4137 palatii
944 4053 1029 4131 {Vlll
1052 4056 1087 4132 2,
1118 4057 1155 4115 re
1172 4072 1241 4136 sq.;
1272 4054 1320 4135 18,
1347 4056 1404 4130 21;
1433 4053 1471 4117 Ε.
1497 4052 1677 4136 xv1113).
1724 4051 1842 4117 deinde

214 4170 437 4236 Valentiniano
460 4179 595 4250 mortue,
623 4172 677 4253 qui
700 4172 779 4236 obiit
800 4193 829 4237 a.
856 4172 888 4235 d.
914 4190 972 4236 xv.
998 4173 1065 4236 kal.
1091 4172 1286 4238 Decembres
1309 4172 1384 4237 anni
1407 4190 1580 4252 eeeuxxv,
1606 4173 1841 4257 praefecturam

215 4289 329 4355 ltaliae
358 4298 390 4356 et
413 4291 541 4357 Africae
568 4293 611 4358 ad
634 4291 811 4356 Ausonium
840 4291 955 4357 detulit
977 4290 1151 4357 Gratianus
1180 4314 1211 4356 a.
1239 4299 1272 4358 ut
1301 4292 1428 4358 videtur
1449 4310 1619 4358 ccccxxvi
1647 4294 1704 4373 [XI
1728 4297 1758 4372 2,
1786 4296 1826 4355 -12

215 4418 247 4475 et
269 4412 366 4496 paulo
390 4420 515 4495 posta.
542 4430 738 4477 ecenxxvnr
762 4413 995 4496 praefecturam
1013 4411 1189 4476 Galliarum
1219 4412 1276 4494 (XI
1299 4416 1329 4494 2,
1349 4416 1407 4482 42:
1435 4413 1510 4477 Vlll
1534 4417 1693 4493 2,9.211;
1721 4416 1751 4493 11,
1771 4416 1838 4493 22),

215 4530 353 4612 denique
376 4533 487 4597 eodeni
510 4552 595 4597 anno
618 4540 756 4599 exeunte
778 4533 941 4598 consulem
965 4531 1149 4613 designavit
1172 4540 1410 4617 praeceptorem
1433 4539 1545 4616 gratus
1563 4533 1752 4619 discipulus,
1779 4552 1842 4615 quo

214 4651 247 4715 in
278 4652 467 4735 magistratu
498 4652 555 4719 ille
579 4655 736 4735 collegam
759 4653 871 4719 habuit
893 4655 931 4730 b.
958 4651 1106 4717 Clodium
1130 4653 1422 4736 llermogenianunr
1445 4654 1629 4738 Olybrium‚
1664 4654 1749 4738 prior
1771 4654 1841 4737 ipse

215 4772 325 4837 ermsnl
356 4780 556 4857 nuncupatus
592 4774 729 4851 311137:
764 4773 841 4838 Vlll
865 4778 894 4854 a,
921 4777 959 4843 1;
986 4776 1015 4851 11,
1047 4776 1102 4851 111,
1139 4776 1192 4853 12,
1220 4776 1250 4835 2.
1280 4776 1335 4847 13;
1369 4773 1451 4837 Xlll
1474 4778 1503 4855 2,
1532 4780 1589 4853 93;
1623 4774 1665 4838 ef.
1692 4772 1838 4839 Cassiod.

216 4891 325 4957 elrrou.
352 4891 404 4956 ed.
430 4893 605 4958 Mommsen
628 4895 698 4958 alet.
726 4914 789 4958 soe.
817 4893 877 4959 litt.
903 4913 971 4955 sax.
1000 4892 1075 4956 Vlll
1099 4896 1177 4967 11111,
1209 4893 1351 4957 Marcell.
1378 4893 1487 4958 chron.
1513 4897 1602 4976 biij.
1650 4892 1734 4958 adde
1757 4892 1842 4974 quod

217 5012 308 5077 multi
331 5013 365 5075 iu
388 5011 488 5077 lilium
512 5013 582 5077 eius
605 5034 820 5097 generumque
843 5013 952 5078 collati
976 5020 1050 5077 sunt
1072 5013 1217 5078 honores.
1261 5034 1335 5077 nam
1351 5014 1526 5097 Hesperius
1548 5012 1645 5093 filius,
1672 5021 1841 5097 postquam

303 5376 327 5437 ’1)
350 5392 406 5426 nam
426 5377 620 5425 Valentinianus
644 5392 794 5439 quamquam
820 5384 889 5426 atrox
914 5378 986 5426 borno
1004 5383 1029 5425 et
1047 5379 1220 5437 truculentus,
1248 5384 1333 5425 tamen
1352 5392 1399 5425 uon
1418 5377 1563 5424 abhorrebat
1580 5377 1611 5423 ab
1629 5377 1721 5424 artium
1739 5378 1841 5436 elegan-

217 5465 307 5511 tiornm
329 5465 400 5511 cultu
425 5464 614 5524 carminumque
637 5464 723 5511 studio
746 5471 821 5525 atque
846 5467 872 5512 iu
896 5465 1018 5511 conviviis
1039 5470 1066 5512 et
1089 5465 1206 5512 recitabat
1228 5478 1293 5525 quae
1319 5466 1372 5525 ipse
1390 5470 1562 5524 composuerat
1579 5464 1689 5511 earmina
1707 5465 1799 5511 lruliera
1818 5470 1844 5510 et

218 5549 335 5597 aruliebat
352 5550 460 5609 benigue
480 5552 510 5598 ab
528 5551 585 5596 aliis
603 5551 668 5597 taeta
689 5552 729 5611 (ef.
752 5550 863 5597 xxviii
885 5548 908 5610 1,
932 5550 1040 5612 ittaqq.,
1062 5551 1095 5600 ll.
1116 5551 1238 5607 Richter„
1261 5551 1311 5597 llas
1330 5550 1512 5597 westrourlsehe
1533 5550 1608 5597 lteich
1627 5550 1698 5609 211).

304 5636 329 5693 h)
348 5636 381 5684 ei.
403 5636 434 5684 H.
457 5634 564 5684 Richter.
587 5635 636 5685 ius
650 5651 715 5698 sqq,
738 5639 768 5685 Α.
788 5638 864 5684 ane.
886 5637 974 5684 Panlln
995 5651 1041 5684 verr
1061 5638 1120 5685 Nola
1139 5638 1189 5685 rrrrd
1208 5637 1280 5684 selue
1299 5637 1354 5685 Zeit
1373 5638 1383 5683 l
1403 5636 1445 5685 tu.

294 5736 416 5776 sverans.
1617 5738 1636 5791 b
