4358 6234
801 324 1013 380 EPISTVLAE
1034 325 1105 390 (XV.
1127 326 1217 390 xvi).
1765 328 1825 388 175

144 535 177 576 ro
197 513 277 598 quid
306 535 411 581 rerum
441 523 586 598 tnamm,
620 515 768 598 quamvis
797 515 938 580 incultus
966 515 1146 599 expoliam:
1188 513 1276 598 quod
1305 521 1339 579 tn
1369 513 1430 579 etsi
1459 513 1575 579 lectum
1604 533 1669 579 non
1696 513 1823 597 probes,

198 617 352 703 scriptum
386 619 462 685 boni
489 620 649 685 consules.
704 638 840 701 cumque
871 638 931 701 ego
959 618 1102 683 imitatus
1132 617 1192 682 sim
1222 618 1387 683 vesaniam
1417 617 1575 698 Choerili,
1612 623 1646 682 tu
1678 616 1826 698 ignoscas

197 721 465 804 magnanimitate
486 721 675 788 Alexandri.
722 720 757 784 hi
780 720 880 803 igitur
900 721 1040 802 interim,
1067 728 1103 786 ut
1125 721 1258 786 Plautus
1280 722 1335 802 ait,
1361 728 1455 787 erunt
1476 719 1674 802 antelogium
1697 719 1827 784 fabula-

198 844 286 907 rum,
314 825 437 908 garruli
467 833 500 892 et
529 827 734 910 deceptores,
767 824 822 907 qui
851 824 1018 908 compositi
1048 825 1091 888 ad
1113 824 1374 890 honorificentiae
1397 825 1604 906 obsequium,
1637 822 1679 887 ad
1701 822 1826 887 aurium

199 927 378 993 convicium
401 937 636 995 concurrerunt.
684 929 758 994 vale
779 949 819 993 ac
840 948 891 993 me
914 927 1027 1010 dilige.

995 1218 1028 1283 2.

353 1393 470 1477 Perge,
498 1414 517 1456 o
538 1393 663 1473 libelle,
691 1392 860 1472 Sirmium,
1154 1395 1301 1460 columen
1324 1395 1442 1460 curulis
1465 1391 1620 1457 Romulae
1775 1402 1826 1453 406

352 1503 386 1561 et
407 1496 459 1561 dic
481 1516 536 1561 ero
557 1517 629 1562 meo
652 1516 691 1562 ac
713 1505 766 1561 tuo
1154 1498 1292 1582 primum
1314 1499 1347 1562 in
1371 1497 1521 1563 secundis
1544 1496 1703 1561 fascibus:

354 1599 437 1665 have
460 1607 556 1683 atque
579 1602 669 1666 salve
691 1599 875 1685 plurimum.
1154 1622 1229 1666 nam
1252 1601 1374 1686 primus
1396 1621 1414 1666 e
1437 1600 1559 1666 cunctis
1581 1599 1642 1664 erit

353 1704 425 1787 quis
447 1704 509 1770 iste
532 1705 574 1770 sit
596 1704 688 1771 nobis
710 1723 803 1786 erus,
1155 1705 1265 1769 consul
1289 1704 1450 1770 secundus
1472 1703 1621 1789 principi.

353 1807 476 1888 nescis,
503 1808 634 1874 libellei
656 1828 713 1888 an,
740 1826 811 1872 cum
835 1807 936 1888 scias,
1153 1806 1267 1891 generi
1288 1807 1342 1873 hic
1363 1816 1528 1892 superstes
1549 1826 1648 1871 aureo

353 1911 490 1976 libenter
511 1910 606 1976 audis
628 1910 713 1995 quod
735 1909 847 1974 iuvati
1155 1920 1303 1995 satorque
1326 1912 1425 1994 prolis
1448 1930 1567 1976 aureae

353 2034 481 2098 possem
504 2014 651 2079 absolute
674 2013 798 2093 dicere,
1155 2015 1315 2081 convincit
1336 2015 1513 2081 Ascraeum
1536 2032 1646 2077 senem

355 2118 414 2183 sed
436 2118 562 2184 dulcius
584 2117 817 2200 circumloquar
1155 2140 1218 2185 non
1241 2139 1313 2184 esse
1337 2119 1478 2184 saeclum
1501 2118 1652 2184 ierreum.

354 2219 472 2303 diuque
496 2220 593 2286 fando
616 2220 773 2306 perfruar.
1155 2224 1210 2306 qui
1232 2222 1330 2287 vincit
1352 2221 1426 2286 aevi
1447 2220 1597 2285 iniuriam

353 2325 438 2389 hunc
460 2324 550 2406 dico,
577 2324 632 2407 qui
654 2325 767 2407 lingua
789 2329 902 2407 potens
1156 2327 1264 2411 stirpis
1287 2334 1420 2391 novator
1442 2324 1578 2389 Amniae

354 2427 506 2493 minorem
528 2427 674 2493 Atridam
698 2427 852 2510 praeterit
1155 2430 1351 2514 paribusque
1374 2427 1469 2493 comit
1490 2426 1602 2492 infulis

353 2530 473 2596 orando
496 2550 601 2615 pauca
622 2537 656 2596 et
676 2530 817 2594 musica:
1156 2533 1337 2598 Aniciorum
1361 2538 1543 2598 stemmata.

353 2633 408 2716 qui
429 2634 605 2717 grandines
627 2633 735 2697 Vlixei
1071 2659 1075 2671 ·
1154 2636 1291 2701 Probum
1314 2637 1443 2718 loquor,
1470 2634 1533 2699 scis
1556 2633 1694 2716 optime,

354 2744 386 2802 et
408 2736 651 2803 mellifluentem
673 2737 810 2801 Nestora
1154 2759 1248 2822 quem
1271 2760 1364 2804 nemo
1387 2738 1485 2803 iando
1508 2736 1642 2817 dixerit,

354 2841 524 2906 concinnat
544 2860 599 2905 ore
621 2839 738 2905 Tullii:
1153 2843 1208 2926 qui
1231 2863 1294 2908 non
1316 2842 1406 2927 prins
1429 2839 1622 2905 laudaverit.

354 2944 409 3027 qui
432 2944 520 3009 solus
543 2944 687 3028 exceptis
709 2943 811 3007 tribus
1155 2967 1272 3031 perge,
1298 2967 1317 3011 o
1340 2945 1469 3024 libelle,
1496 2951 1530 3009 et
1552 2950 1641 3009 utere

354 3049 417 3114 eris
440 3067 565 3114 erorum
588 3047 710 3132 primus
733 3055 783 3111 est
1154 3049 1309 3114 felicitate
1331 3048 1513 3114 intermina.

354 3151 575 3236 praetorioque
598 3150 768 3215 maximus.
1154 3153 1231 3235 quin
1254 3160 1286 3217 et
1308 3152 1451 3234 require,
1478 3150 1506 3214 si
1529 3149 1613 3213 sinet

354 3254 426 3319 dico
449 3255 535 3319 hunc
557 3254 662 3318 senati
684 3253 883 3338 praesulem,
1155 3264 1264 3321 tenore
1287 3254 1348 3319 iari
1372 3252 1526 3319 obnoxio:

354 3357 551 3443 praefectum
575 3356 711 3422 eundem
735 3364 767 3422 et
789 3355 969 3419 consulem:
1158 3365 1256 3442 ‘age‚
1282 3378 1360 3423 vera
1381 3357 1488 3441 proles
1511 3353 1655 3436 Romuli,

353 3482 427 3526 nam
452 3461 563 3526 consul
585 3467 750 3526 aeternum
773 3460 860 3525 cluet
1155 3463 1255 3528 effare
1279 3480 1411 3526 causam
1435 3458 1585 3523 nominis.

353 3565 480 3648 collega
501 3563 640 3646 Augusti
662 3563 818 3646 consulis,
1156 3573 1303 3631 utrumne
1327 3583 1431 3629 mores
1453 3562 1514 3627 hoc
1536 3561 1582 3627 tui

288 3844 316 3894 11
338 3845 396 3892 lior.
418 3845 498 3906 Epist.
520 3845 545 3891 ll
566 3842 591 3904 1,
610 3842 660 3892 2³2
673 3857 711 3904 sq.
822 3843 851 3891 12
871 3844 951 3892 Piant.
973 3844 1040 3892 Men.
1061 3847 1123 3909 prol.
1147 3846 1177 3895 13
1196 3846 1241 3893 hoo
1258 3840 1377 3910 (tabulae)
1394 3846 1540 3902 argumento
1558 3841 1711 3900 antelogium
1730 3841 1781 3887 init

284 3924 316 3981 2·
352 3929 588 3990 30Healod.0pp.
611 3928 659 3977 iio

286 4188 314 4237 11
335 4191 449 4239 consulas
467 4190 535 4236 mad*
545 4191 617 4250 volpe
720 4204 776 4239 aum
793 4189 814 4235 Τ
916 4192 985 4239 eerill
1001 4191 1030 4254 Τ,
1050 4191 1136 4239 cherili
1150 4189 1179 4238 M
1283 4187 1314 4238 12
1334 4195 1361 4235 ut
1380 4188 1481 4249 plautus
1499 4187 1534 4233 ait
1551 4187 1652 4233 interim
1670 4184 1713 4232 ΤΕ
1723 4185 1793 4246 colpe

196 4277 346 4338 antiloginm
365 4292 396 4336 or,
418 4277 571 4336 antelogium
585 4274 697 4324 Muretus
804 4275 835 4323 13
853 4278 978 4336 garullT
1082 4276 1112 4325 14
1132 4284 1158 4326 et
1182 4276 1233 4338 TE,
1253 4280 1343 4323 aocet.
1449 4276 1503 4333 post
1521 4273 1597 4332 dilige
1616 4272 1740 4331 legebatur
1757 4272 1827 4332 colpe

198 4364 238 4411 Ad
256 4365 350 4411 librum
368 4369 398 4410 ut
416 4367 457 4408 eat
473 4362 503 4409 ad
523 4362 629 4410 Probum
649 4362 679 4409 ab
702 4362 801 4422 Upolcto
819 4363 943 4411 adiectum

284 4443 315 4498 Β.
353 4446 573 4509 tomaene,
659 4447 753 4496 ibero
768 4449 789 4494 Τ
865 4456 912 4517 atq;
930 4446 1114 4516 T(q;dcl.m2)
1199 4448 1314 4496 :ianam
1398 4444 1543 4493 ibernsT
1623 4444 1758 4505 lpoesum
1775 4443 1828 4489 Toll

196 4536 268 4596 colpe
366 4534 514 4596 ilproiruar
530 4534 551 4579 Τ
635 4535 768 4596 praefando
781 4535 849 4581 iruar
861 4535 984 4582 Baehrens
1082 4533 1113 4581 10
1131 4540 1220 4596 pateus
1236 4532 1263 4578 Μ
1361 4531 1391 4579 13
1409 4527 1513 4592 quidli!
1612 4528 1642 4576 14
1661 4537 1687 4576 et
1698 4544 1746 4576 om.
1761 4529 1825 4576 θοαὶ.

195 4622 266 4683 colpe
343 4622 513 4668 molleilnente
530 4620 739 4682 Timelllflnente
752 4626 778 4668 et
790 4618 845 4682 nri),
862 4627 887 4667 et
899 4621 1090 4669 mellifluentem
1103 4626 1148 4668 ccl.
1165 4618 1286 4677 eliilubi
1299 4618 1423 4677 maliolli-i
1507 4614 1640 4663 nestoraT
1719 4614 1749 4662 15
1768 4628 1828 4662 con·

100 4740 102 4745 .
196 4709 351 4756 cinnatorcm
369 4724 401 4768 or,
421 4708 554 4755 corrclnnat
571 4720 613 4755 ore
636 4704 708 4755 l'ca.⁴
813 4708 878 4754 tullii
898 4723 928 4770 ω,
949 4716 975 4755 et
993 4707 1094 4754 tullium
1114 4702 1185 4754 Vera.⁴
1289 4706 1486 4752 concinnatorem
1505 4709 1532 4750 ot
1550 4701 1661 4749 Tullium
1681 4700 1740 4749 Por.
1755 4702 1827 4760 votpo

199 4793 230 4843 17
248 4770 578 4854 lernlemromrlhmil
668 4790 796 4839 eroumM
879 4801 918 4840 eet
936 4791 1029 4840 omn
1113 4792 1145 4840 20
1165 4793 1273 4840 eundem
1289 4789 1350 4849 Mic,
1370 4790 1544 4837 eumdemrct.
1633 4786 1828 4847 cluetTlictp

198 4883 235 4943 (in
252 4882 325 4941 md),
345 4881 430 4929 elucet
450 4879 471 4926 Τ
491 4883 517 4941 (a.
539 4895 562 4928 o.
583 4880 668 4939 minio)
688 4894 705 4939 p
723 4883 767 4926 oct.
790 4878 812 4924 F.
916 4878 948 4927 22
967 4880 1060 4940 collega
1081 4878 1137 4940 ΤΜ,
1158 4880 1274 4938 collegam
1293 4882 1337 4924 cet.
1360 4876 1469 4935 Ecolpo
1573 4871 1606 4922 24
1625 4874 1730 4921 secundi
1752 4874 1828 4928 Τίιτ

197 4967 261 5016 aecii
272 4963 316 5028 md
334 4964 363 5012 Μ
372 4970 424 5026 etp
438 4966 474 5028 (in
485 4965 558 5026 mg),
574 4965 729 5025 eedepcct.,
745 4965 895 5026 secundoli,
911 4964 1109 5013 secundieliicd.
1212 4964 1244 5012 26
1262 4963 1382 5025 principle
1399 4961 1452 5021 Tla
1465 4960 1511 5009 dcl.
1526 4957 1572 5020 mil
1675 4959 1707 5008 ²8
1725 4960 1788 5021 polis
1803 4957 1830 5004 Μ

197 5051 231 5102 29
248 5054 359 5102 convicit
381 5051 425 5111 Up.
440 5053 512 5111 colpe
616 5050 784 5115 aetreurnidp
889 5050 921 5099 30
940 5065 996 5099 ease
1012 5047 1134 5117 saeclum]
1152 5050 1229 5098 eredit
1244 5050 1264 5096 Τ
1279 5051 1308 5110 (a.
1323 5043 1733 5149 o.m²eaaeaeclum).uespedum
1745 5051 1791 5093 cci.

197 5174 259 5235 qnln
277 5179 305 5221 at
322 5174 433 5221 saeelum
451 5174 559 5220 ferreum
580 5168 661 5233 Vcn.³,
681 5174 724 5233 qui
745 5173 813 5232 (quoi
830 5171 976 5233 Tollcolpo)
997 5173 1125 5219 saeculum
1144 5185 1217 5218 omne
1235 5172 1344 5217 terreum
1362 5165 1434 5215 l'm.⁴
1537 5165 1567 5213 31
1587 5121 1657 5213 iliacis
1679 5167 1768 5227 (uincit
1779 5162 1826 5227 νηΐ)

197 5259 255 5307 aeni
275 5258 305 5318 Τ,
326 5259 395 5307 uinci
414 5262 441 5306 ti
459 5259 502 5305 eui
523 5257 557 5318 Μ,
579 5259 659 5305 uincit
677 5259 734 5305 aeui
754 5263 799 5306 cet.
940 5259 1034 5305 iniuria
1055 5257 1082 5304 M
1221 5253 1253 5304 32
1271 5256 1378 5302 Amniae
1397 5268 1450 5314 epo,
1471 5253 1575 5300 ammiae
1591 5252 1639 5314 pli,
1660 5254 1757 5299 animae
1773 5265 1825 5313 mn,

197 5347 288 5394 ammte
305 5350 362 5407 cet,
387 5345 478 5394 anniae
499 5342 573 5394 Vera.⁴
589 5345 675 5405 colpe,
705 5343 740 5403 cs.
764 5344 791 5391 C.
812 5344 833 5390 1.
856 5342 885 5391 L.
912 5343 947 5389 Vl
967 5346 1031 5390 1751
1052 5344 1156 5390 Aniciae
1175 5342 1303 5389 Faltonius
1322 5341 1414 5388 Probae
1432 5340 1538 5386 Amnioe
1557 5338 1655 5386 Pinclos
1674 5339 1828 5399 Aniciosqne

197 5432 323 5481 decoranti
439 5430 472 5480 33
491 5431 552 5479 colit
572 5430 592 5476 T
707 5429 740 5478 34
759 5430 912 5477 conitiorum
934 5428 955 5475 Τ
975 5432 1003 5491 (a.
1023 5445 1047 5476 v.
1069 5429 1219 5477 Atticiorum
1237 5424 1282 5489 m2)
1305 5425 1363 5489 ΜΕ,
1384 5427 1519 5473 anitiorum
1536 5441 1562 5487 p,
1583 5426 1751 5474 ammitiorum
1769 5429 1826 5485 cet,

197 5519 344 5567 Aniciorum
362 5516 429 5567 dccl.
559 5523 615 5577 post
632 5533 657 5566 c.
677 5516 710 5565 34
729 5520 756 5565 in
775 5515 802 5562 Μ
819 5516 908 5575 lapitas
925 5531 948 5564 o.
970 5514 1013 5577 41,
1033 5513 1075 5562 aad
1093 5517 1162 5574 cr'poo
1179 5514 1223 5576 ἦν,
1243 5527 1290 5575 prro
1307 5528 1364 5561 cam
1379 5518 1436 5573 poet
1454 5511 1487 5561 40
1505 5510 1678 5559 collocandam
1695 5525 1745 5560 cccc
1763 5511 1830 5560 iadi-

705 5585 778 5622 utrum

196 5643 279 5700 m,
296 5637 392 5687 adiecto
495 5636 530 5686 44
547 5633 679 5702 utrumne]
697 5644 727 5698 ut
744 5651 784 5700 me
801 5637 822 5683 Τ
842 5637 912 5698 (corr.
932 5638 1020 5700 mina)
