4358 6234
950 342 1177 397 Paoouurvrd.
1797 340 1879 406 XIII

247 566 278 630 in
310 567 471 650 proposito
498 567 697 651 permansio,
733 566 893 632 Ausonius
922 567 1008 630 omni
1036 566 1132 631 amici
1162 563 1374 651 recuperandi
1405 584 1463 650 spe
1494 565 1622 631 abiecta
1651 586 1672 629 a
1698 564 1811 630 litteris
1834 565 1877 630 ad

249 707 322 752 eum
346 685 463 751 dandis
485 685 682 752 abstinuisse
705 685 843 751 videtur.

334 806 403 871 lam
427 825 499 870 curn
520 805 677 871 Paulinus
699 827 731 871 a.
757 824 991 871 ccccxxxvrm
1022 812 1117 888 atque
1148 812 1181 870 nt
1206 803 1333 870 videtur
1354 811 1429 870 ante
1452 811 1608 870 aestatem
1621 808 1655 889 ¹⁵)
1682 804 1778 870 huius
1801 805 1877 870 anni

248 927 281 992 in
304 926 495 1012 Hispaniam
519 926 706 1009 secesserit,
741 946 870 992 carmen
893 927 924 990 X
946 932 1070 992 aestate
1091 926 1168 990 anni
1190 941 1412 991 ccccxxxxnr
1434 925 1586 1010 scriptum
1618 931 1668 991 est
1696 931 1793 1008 atque
1822 946 1878 991 eo

248 1048 321 1113 dem
350 1067 452 1128 anno,
485 1052 658 1130 antequam
687 1047 721 1111 in
744 1046 971 1112 Barcinonensi
1002 1046 1131 1112 civitate
1161 1046 1403 1130 presbyteratus
1433 1045 1464 1111 ei
1486 1045 1615 1111 oblatus
1638 1051 1687 1111 est
1710 1046 1779 1125 dic,
1813 1066 1877 1129 qno

250 1168 419 1233 sollemnia
440 1166 560 1232 Christi
591 1166 744 1232 natalicia
773 1167 936 1233 celebrata
959 1168 1100 1250 sunt¹⁶),
1134 1185 1265 1232 carmen
1287 1166 1347 1229 XI.
1394 1166 1501 1249 itaque
1525 1165 1568 1231 ad
1591 1164 1685 1231 huius
1707 1165 1784 1231 anni
1807 1165 1877 1231 cxi-

248 1294 315 1352 tum
338 1287 516 1352 Ausonium
538 1285 639 1353 vitam
662 1285 852 1371 produxisse
875 1294 960 1353 certo
983 1287 1112 1368 scimus,
1139 1285 1199 1352 sed
1220 1305 1282 1369 quo
1305 1291 1448 1370 tempore
1471 1293 1605 1352 mortem
1628 1285 1753 1367 obierit,
1780 1285 1877 1370 plane

249 1407 445 1490 ignoramus.

334 1528 424 1593 Haec
446 1527 544 1610 igitur
567 1528 609 1593 de
631 1527 697 1592 vita
719 1526 864 1594 Ausonii.
906 1547 968 1611 quo
992 1527 1121 1593 facilius
1143 1532 1250 1592 autem
1273 1525 1526 1610 intellegeretur,
1552 1546 1617 1610 qua
1638 1525 1878 1593 necessitudine

249 1655 281 1714 ct
310 1647 437 1732 cognati
460 1656 493 1714 ct
514 1647 657 1730 adfines,
691 1669 824 1732 quorum
847 1648 932 1721 isin
954 1646 1179 1713 Parentalibns
1202 1647 1395 1713 mentionem
1418 1647 1511 1728 fecit,
1544 1646 1696 1713 camillo
1719 1645 1878 1712 coniuncti

249 1768 405 1851 fuissent,
432 1769 465 1833 in
487 1768 563 1849 hac,
591 1788 675 1850 quae
698 1768 858 1852 sequitur,
886 1769 996 1834 tabula
1019 1768 1149 1851 singula
1171 1787 1278 1832 eorum
1302 1767 1432 1832 nomina
1453 1767 1611 1852 adscripsi
1634 1767 1695 1847 ita,
1724 1773 1760 1831 ut
1780 1767 1877 1833 simul

248 1888 449 1972 cognationis
471 1895 504 1954 et
525 1887 702 1954 adfinitatis
724 1889 845 1972 gradus
867 1889 901 1954 in
924 1889 971 1954 cis
994 1886 1182 1971 digerendis
1204 1887 1359 1953 rationem
1381 1887 1544 1954 haberem.

551 2082 661 2089 .-

336 2201 376 2262 15)
398 2202 497 2250 Prnlln.
518 2216 592 2252 carm.
613 2201 662 2250 Xl
684 2203 778 2260 Quarta
796 2202 862 2249 redit
879 2202 949 2249 duris
967 2202 1028 2249 haec
1046 2202 1096 2248 lam
1115 2201 1266 2249 messoribus
1284 2204 1375 2258 maus,
1396 2201 1428 2250 cl.
1446 2201 1522 2250 Busa.
1541 2200 1596 2260 llo,
1619 2201 1703 2248 Ebort.
1719 2198 1778 2250 285.
1811 2201 1877 2262 quod

248 2290 270 2339 sl
288 2303 311 2336 v.
335 2287 382 2337 10³
401 2289 464 2337 dicit
481 2288 604 2337 Paulinus
625 2290 731 2339 ‘Dolore
749 2302 789 2337 mc
808 2289 898 2351 patriis
916 2293 968 2336 tots
986 2288 1164 2336 trlctsrldc
1182 2282 1275 2348 terris',
1300 2287 1410 2336 Ausonll
1430 2289 1504 2335 verba
1522 2288 1550 2335 ln
1568 2287 1692 2348 epistula,
1718 2300 1782 2349 quac
1800 2287 1878 2335 intor-

248 2374 324 2436 eldit,
345 2374 487 2436 slgnlllcars
507 2376 615 2425 videtur.

337 2458 376 2521 iti)
397 2461 431 2509 ct.
452 2460 526 2509 Busa.
551 2459 607 2509 192.
