4358 6234
942 319 1188 374 PARENTALIA
1212 319 1293 383 {le

868 673 963 770 XV.
998 674 1364 772 PARENTALIA.

845 903 875 969 l.
907 904 1149 970 PRAEFATIO
1172 906 1218 968 lN
1241 905 1390 970 PROSA.

391 1079 464 1143 Scio
487 1078 656 1144 versieulis
679 1078 760 1143 meis
782 1078 922 1158 evenire,
951 1085 985 1141 ut
1000 1077 1167 1142 fastidiose
1184 1078 1348 1161 legantur:
1377 1078 1496 1161 quippe
1519 1079 1566 1143 sic
1581 1078 1726 1143 meritum
1744 1085 1793 1142 est
1809 1099 1929 1142 eorum.
1952 1095 2000 1144 ras

304 1180 540 1264 sedquoniam
565 1184 647 1248 solet
669 1179 890 1246 commendare
915 1180 1048 1254 materia
1071 1187 1103 1245 et
1125 1181 1319 1262 aliquotiens
1350 1181 1486 1247 fortasse
1514 1181 1664 1246 lectorem
1687 1182 1790 1245 solum
1813 1181 1931 1246 lemma
1951 1166 1995 1223 (T

303 1284 453 1350 sollicitat
475 1286 570 1359 tituli,
598 1292 631 1350 ut
652 1284 828 1350 festivitate
851 1303 1025 1367 persuasus
1048 1292 1080 1348 et
1102 1285 1255 1369 ineptiam
1280 1285 1362 1349 t'crre
1385 1292 1552 1349 contentus
1576 1285 1628 1349 sit.
1662 1285 1720 1348 lroe
1743 1285 1931 1368 opuseulum

303 1408 362 1453 nec
384 1389 519 1454 materia
541 1409 711 1453 amoenum
735 1394 784 1452 est
806 1406 865 1451 neo
881 1387 1097 1471 appellatione
1120 1388 1305 1452 iucundum.
1345 1389 1442 1453 habet
1465 1393 1619 1452 maestam
1643 1388 1840 1469 religionem,
1868 1408 1931 1470 qua

270 1511 446 1556 scarorum
478 1511 620 1556 meorum
650 1492 754 1555 obitus
782 1490 866 1555 tristi
897 1491 1066 1555 affectione
1102 1511 1321 1555 commemoro.
1370 1490 1482 1557 titulus
1517 1491 1617 1556 libelli
1654 1500 1703 1555 est
1733 1490 1928 1554 Parentalia.

303 1596 455 1676 antiquae
484 1594 713 1680 appellationis
743 1593 793 1658 lric
823 1593 893 1658 dies
924 1602 956 1658 ct
985 1595 1048 1658 iam
1072 1593 1147 1658 inde
1177 1596 1217 1658 alr
1242 1595 1348 1659 Numa
1371 1602 1575 1676 cognatorum
1599 1593 1724 1658 inferiis
1746 1593 1926 1657 institutus:

302 1717 361 1762 nee
390 1682 559 1779 quicquam
590 1696 733 1762 sanctius
763 1697 860 1761 habet
890 1698 1070 1761 reverentia
1099 1698 1305 1780 superstitum
1336 1719 1431 1781 quam
1466 1705 1501 1761 ut
1533 1697 1668 1760 amissos
1705 1696 1932 1760 venerabiliter

301 1799 495 1865 recordetur.

649 2075 682 2139 2.
706 2075 812 2138 lTEM
837 2075 1078 2139 PRAEFATIO
1103 2075 1309 2141 VERSIBVS
1334 2076 1581 2141 ADNOTATA.

637 2247 775 2312 Nomina
797 2267 941 2311 carorum
965 2247 1029 2311 iam
1053 2247 1181 2312 condita
1204 2248 1315 2313 funere
1339 2249 1438 2319 iusto.

723 2348 800 2415 fleta
822 2350 911 2434 prius
935 2350 1091 2429 lacrimis,
1120 2370 1203 2414 nunc
1226 2351 1408 2415 memorabo
1431 2350 1552 2415 modis.

637 2453 741 2530 nuda,
770 2454 839 2518 sine
863 2460 976 2518 ornatu
1001 2453 1154 2535 fandique
1178 2454 1321 2519 carentia
1345 2454 1448 2518 cultu:

724 2557 843 2623 sufficit
864 2556 988 2622 inferiis
1012 2557 1191 2640 exequialis
1214 2558 1325 2622 honos.

571 2682 583 2717 a
638 2660 735 2726 nenia
758 2661 900 2725 funereis
924 2661 1003 2725 satis
1027 2661 1172 2726 officiosa
1193 2662 1347 2744 querellis

724 2784 832 2828 annua
856 2784 896 2829 ne
918 2765 1017 2829 tacita
1040 2784 1173 2829 munera
1196 2771 1394 2849 praetereas,

637 2887 720 2948 quae
743 2867 850 2930 Numa
874 2867 1019 2949 cognatis
1042 2868 1211 2933 sollemnia
1235 2868 1365 2933 dedicat
1387 2867 1525 2931 umbris.

723 2978 758 3034 ut
781 2969 900 3051 gradus
923 2977 979 3034 aut
1002 2970 1112 3034 mortis
1135 2971 1276 3054 postulat
1297 2977 1354 3034 aut
1376 2969 1517 3052 generis.

638 3073 696 3136 lroc
720 3073 798 3137 satis
821 3080 854 3137 et
875 3072 1021 3150 tumulis,
1048 3073 1129 3137 satis
1153 3080 1185 3137 et
1207 3073 1333 3138 telluris
1356 3073 1482 3155 egenis:

725 3196 801 3240 voce
825 3176 911 3241 ciere
934 3176 1059 3240 animas
1083 3177 1204 3241 funeris
1228 3178 1329 3242 instar
1352 3178 1459 3242 habet.

636 3279 781 3362 gaudent
803 3279 961 3363 conpositi
983 3280 1106 3345 cineres
1130 3300 1188 3344 sua
1210 3280 1342 3344 nomina
1364 3280 1446 3344 dici:

723 3382 880 3447 frontibus
904 3382 963 3446 hoc
986 3383 1114 3466 scriptis
1137 3390 1169 3447 et
1192 3390 1397 3448 monumenta
1420 3383 1540 3446 iubent.

636 3485 691 3549 illc
715 3484 829 3564 etiam,
857 3485 973 3549 maesti
997 3484 1048 3549 cui
1072 3485 1176 3550 defuit
1198 3507 1278 3550 uma
1302 3485 1461 3570 sepulcri,

722 3588 849 3653 nomine
872 3594 920 3652 ter
943 3588 1027 3653 dicto
1051 3609 1155 3673 paene
1179 3589 1326 3673 sepultus
1349 3588 1418 3653 erit.

570 3739 575 3753 .
636 3698 670 3754 at
692 3697 746 3771 tu,
772 3691 963 3773 quicumque
987 3711 1038 3770 cs,
1067 3692 1181 3770 lector,
1209 3691 1263 3774 qni
1286 3692 1353 3756 fata
1375 3711 1515 3755 meorum

723 3793 867 3876 dignaris
890 3796 1022 3858 maestis
1046 3814 1280 3858 conmemorare
1304 3795 1423 3876 elegis,

636 3899 826 3962 inconcussa
848 3904 922 3961 tuae
947 3918 1113 3981 percunas
1137 3906 1280 3981 tempora
1303 3899 1389 3962 vitae

722 4007 755 4065 et
777 4008 905 4085 praeter
926 4001 1043 4066 iustum
1070 4001 1183 4065 funera
1206 4002 1297 4065 nulla
1320 4000 1410 4065 fleas.

807 4294 838 4359 3.
866 4293 1242 4357 1V1.1vsAvsoN1vs
1268 4294 1416 4357 PATER.

636 4467 761 4532 Primus
784 4467 816 4531 in
840 4467 889 4532 his
913 4475 1005 4551 pater
1027 4465 1204 4529 Ausonius.
1232 4486 1326 4547 quem
1351 4487 1467 4550 ponere
1492 4468 1643 4550 primum.
1831 4485 1876 4532 roo
1908 4487 1926 4532 ιη

722 4571 781 4635 etsi
805 4579 968 4636 cunctetur
991 4569 1093 4648 lilius,
1122 4569 1198 4634 ordo
1222 4571 1321 4634 iulrct.

636 4694 712 4738 cura
735 4674 806 4749 (lei,
833 4674 982 4759 placidae
1005 4675 1134 4739 functus
1157 4672 1242 4756 quod
1266 4674 1383 4737 honore
1407 4681 1556 4738 senectae

722 4777 875 4842 undecies
898 4778 992 4842 binas
1016 4778 1095 4842 vixit
1117 4775 1332 4860 olympiadas.

388 5041 444 5089 XV.
466 5036 496 5090 2.
532 5042 548 5088 o
569 5043 641 5103 Verg.
664 5044 729 5089 Aen.
750 5042 773 5087 V
792 5042 824 5088 53
838 5055 876 5102 sq.
898 5056 981 5088 arrnua
1000 5048 1055 5088 vota
1074 5048 1157 5089 tamen
1178 5042 1357 5100 solleumisqrre
1376 5040 1462 5087 ordine
1481 5054 1582 5101 pompas
1601 5054 1739 5098 ‹raequsrer

387 5280 444 5328 XV.
467 5276 496 5331 l.
532 5264 626 5342 lnel‘pit
644 5285 781 5343 parentalia
800 5283 915 5330 feliciter.
937 5284 1042 5343 prelatio
1062 5283 1085 5328 iu
1107 5272 1176 5343 prosn
1201 5283 1220 5326 l'
1342 5280 1357 5328 2
1377 5281 1508 5341 aliqoticrrs
1533 5282 1552 5326 l'
1572 5284 1593 5341 'q
1615 5295 1641 5327 er
1660 5294 1672 5322 r
1691 5278 1735 5341 m'lp
1857 5280 1870 5326 ἶ
1891 5294 1929 5325 ro·

304 5360 419 5414 arerentl'a
441 5367 461 5410 l'

386 5447 416 5503 ἓ.
452 5441 553 5501 2nun⁰
577 5453 637 5514 V(o
653 5450 700 5513 m'2)
832 5454 848 5499 o
866 5469 914 5502 nea
940 5456 959 5499 l'
978 5457 999 5512 (c
1018 5458 1093 5517 etur.)
1217 5456 1308 5501 tacitus
1333 5455 1351 5498 l'
1368 5455 1445 5500 tacita
1465 5453 1576 5498 Rronrler
1707 5458 1770 5499 taut
1788 5455 1887 5507 gestetis
1911 5456 1930 5499 l'

298 5553 361 5589 corr.
382 5539 463 5600 huod.
570 5535 702 5590 utimum
726 5541 746 5585 l'

386 5620 417 5676 80
452 5626 606 5674 Rcuntetur
630 5627 649 5672 V
752 5626 934 5688 lolimpiadas
959 5629 977 5672 ι’

376 5727 498 5768 Arsomvs.
