4358 6234
883 329 1144 386 PROFESSORES
1170 331 1269 395 (XVI).

531 546 544 584 a
598 519 709 586 auditu
732 527 827 601 tenus
849 519 1030 604 acciperes,
1058 519 1178 586 deflata
1200 519 1355 603 placeret,

599 622 779 689 discussam
801 622 901 688 scires
923 622 1019 688 solidi
1041 623 1123 688 nihil
1144 621 1240 689 edere
1263 639 1393 687 sensus:

598 726 769 792 Palladiae
791 726 929 811 primum
951 732 1028 809 toga
1049 733 1080 792 te
1103 732 1256 792 venerata
1278 724 1416 789 Tolosae

598 850 672 894 mox
694 829 819 914 pepulit
840 829 972 895 levitate
995 830 1082 914 pari:
1109 829 1218 894 Narbo
1240 827 1317 893 inde
1339 825 1473 910 recepit.

599 932 667 997 illic
688 931 851 997 Dalmatio
873 932 1017 1014 genitos,
1043 931 1157 996 fatalia
1178 950 1291 1013 regum

517 1059 544 1098 ro
598 1036 743 1117 nomina,
769 1043 836 1100 tum
859 1054 977 1118 pueros
999 1034 1115 1117 grandi
1137 1032 1286 1099 mercede
1308 1032 1446 1098 docendi

599 1138 743 1204 formasti
765 1137 873 1203 rhetor
894 1145 1013 1202 metum
1035 1157 1134 1222 prope
1157 1136 1288 1220 puberis
1310 1135 1399 1218 aevi,

599 1242 794 1307 Caesareum
819 1241 873 1324 qui
896 1260 970 1305 mox
993 1240 1117 1324 indepti
1139 1260 1271 1318 nomen,
1298 1239 1450 1304 honorem

599 1343 762 1427 praesidis
784 1344 1028 1430 Hispanumque
1052 1343 1110 1408 tibi
1133 1342 1273 1408 tribuere
1295 1342 1448 1407 tribunal.

600 1445 763 1511 decedens
785 1445 931 1531 placidos
954 1465 1058 1512 mores
1080 1445 1317 1529 tranquillaque
1339 1445 1425 1509 ritae

533 1576 545 1613 a
599 1554 744 1634 tempora
766 1549 935 1633 praedives
958 1549 1057 1613 finisti
1081 1548 1157 1614 sede
1180 1547 1338 1613 Cadurca.

600 1659 648 1718 set
669 1653 794 1737 patriae
817 1661 848 1718 te
870 1652 941 1717 iura
962 1659 1080 1718 vocant
1102 1660 1134 1716 et
1157 1652 1246 1734 origo
1268 1658 1456 1738 parentum,

599 1754 795 1837 Burdigalae
818 1761 854 1820 ut
874 1774 1000 1819 rursum
1023 1775 1138 1820 nomen
1161 1755 1201 1820 de
1224 1754 1351 1820 rhetore
1373 1753 1503 1819 reddas.

421 1996 476 2062 19.
505 1994 734 2061 MARCELLO
757 1993 976 2059 MARCELLI
998 1995 1112 2061 FILIO
1137 1992 1422 2060 GRAMMATICO
1445 1992 1736 2059 NARBONENSI.

600 2150 669 2214 Nec
691 2157 723 2214 te
747 2148 899 2214 Marcello
922 2149 1082 2233 genitum,
1109 2149 1279 2232 Marcelle,
1306 2148 1422 2227 silebo,
1718 2157 1768 2207 aos
1790 2158 1897 2220 :xu'rul

687 2272 804 2336 aspera
827 2271 922 2333 quem
946 2252 1092 2336 genetrix
1114 2253 1208 2332 urbe,
1237 2252 1330 2317 domo
1352 2252 1489 2337 pepulit.

601 2361 651 2420 set
672 2354 801 2420 fortuna
824 2361 937 2438 potens
960 2356 1022 2421 cito
1044 2355 1185 2420 reddidit
1207 2356 1315 2420 omnia
1337 2363 1370 2420 et
1392 2355 1492 2421 auxit.

687 2457 842 2524 amissam
864 2458 1001 2543 primum
1024 2458 1133 2523 Narbo
1156 2457 1246 2523 dedit
1266 2459 1418 2543 patriam.

535 2589 547 2626 s
602 2559 719 2624 nobilis
741 2558 794 2625 hic
816 2560 934 2645 hospes
958 2560 1140 2626 Clarentius
1163 2560 1271 2625 indole
1295 2568 1399 2628 motus

689 2664 823 2746 egregia
844 2671 952 2728 natum
977 2664 1125 2748 coniugio
1148 2664 1311 2730 adtribuit.

603 2786 676 2831 mox
700 2766 811 2832 schola
833 2774 865 2832 et
886 2768 1013 2833 auditor
1036 2768 1154 2833 multus
1176 2775 1408 2853 praetextaque
1431 2770 1534 2854 pubes

689 2870 890 2952 grammatici
912 2890 1029 2936 nomen
1051 2870 1244 2954 divitiasque
1268 2871 1367 2936 dedit.

603 2980 652 3038 set
674 2994 849 3056 numquam
871 2974 979 3055 iugem
1003 2993 1130 3039 cursum
1153 2974 1279 3039 fortuna
1302 2974 1473 3054 secundat,

521 3104 548 3141 m
689 3077 880 3161 praesertim
903 3077 994 3161 pravi
1017 3085 1135 3143 nancta
1156 3077 1259 3141 virum
1282 3078 1415 3160 ingenii.

604 3199 713 3244 verum
738 3179 903 3245 oneranda
926 3180 1003 3245 mihi
1025 3200 1088 3245 non
1111 3187 1202 3261 sunt,
1228 3179 1438 3245 memoranda
1459 3181 1566 3263 recepi

689 3281 773 3346 fata:
801 3290 852 3348 sat
874 3289 924 3348 est
946 3283 1066 3348 dictum
1090 3290 1204 3349 ounota
1226 3283 1349 3368 perisse
1373 3283 1483 3363 simul,

603 3406 667 3450 non
689 3392 797 3451 tamen
820 3392 852 3450 et
874 3405 1006 3464 nomen,
1033 3406 1095 3468 quo
1118 3393 1149 3451 tc
1172 3406 1234 3451 non
1257 3385 1391 3469 fraudo,
1417 3393 1583 3470 receptum

689 3486 774 3552 inter
795 3489 1021 3569 grammaticos
1044 3489 1230 3573 praetenuis
1252 3488 1371 3554 meriti.

697 3725 753 3792 20.
784 3726 978 3794 SEDATVS
1001 3728 1175 3794 RHETOR
1196 3727 1459 3794 TOLOSANVS.

607 3881 747 3966 Relligio
769 3888 835 3962 est,
862 3883 993 3948 tacitum
1017 3883 1044 3948 si
1067 3891 1115 3964 te,
1142 3882 1277 3964 Sedato,
1303 3882 1497 3966 relinquam,
1706 3892 1756 3941 arro
1790 3894 1900 3953 xvrrrrl

691 3984 839 4068 quamvis
863 3985 1001 4051 docendi
1023 4006 1138 4050 munus
1160 3985 1290 4070 indepte
1315 3985 1381 4071 (es)
1406 3985 1496 4050 foris.

606 4088 783 4153 communis
806 4088 911 4171 patria
934 4096 1110 4154 esttecum
1133 4089 1230 4154 mihi:
1257 4096 1341 4153 sorte
1364 4089 1503 4173 potentis

691 4189 750 4255 fati
772 4190 922 4255 Tolosam
945 4198 1080 4255 nanctus
1103 4210 1138 4255 es
1161 4191 1270 4257 sedem
1294 4192 1434 4257 scholae.

539 4317 551 4353 r,
606 4292 672 4357 illio
695 4293 880 4374 coniugium
901 4292 1032 4376 natique
1054 4294 1254 4377 opulensque
1277 4301 1427 4359 senectus

693 4403 725 4461 et
747 4395 848 4474 fama,
877 4416 994 4478 magno
1016 4397 1123 4479 qualis
1146 4405 1196 4462 est
1217 4417 1277 4482 par·
1299 4396 1430 4463 rhetori.

606 4498 754 4582 quamvis
777 4506 911 4563 externa
933 4505 1041 4563 tamen
1063 4520 1083 4563 a
1104 4500 1236 4582 regione
1259 4499 1383 4565 reducit

692 4608 724 4666 te
746 4601 851 4685 patria
874 4608 906 4665 et
928 4601 1030 4665 civem
1054 4610 1153 4667 morte
1177 4603 1265 4667 obitu
1287 4603 1422 4688 repetit:

606 4723 741 4785 cumque
763 4711 934 4787 vagantem
958 4723 1087 4788 operam
1110 4704 1234 4770 divisae
1257 4704 1444 4789 impenderis
1467 4705 1558 4785 urbi,

523 4830 551 4869 ro
692 4807 859 4872 arbitrium
883 4806 923 4872 de
945 4813 977 4873 te
1001 4807 1097 4871 sumit
1120 4807 1208 4889 origo
1231 4826 1336 4872 suum.

358 5046 409 5100 EO·
448 5050 458 5099 l
481 5052 555 5112 Verg.
577 5051 642 5098 Aen.
663 5049 698 5096 Vl
717 5048 764 5097 841
786 5050 843 5110 quis
862 5057 886 5097 tc
907 5085 913 5098 .
931 5086 958 5098 ..
980 5051 1157 5099 tacitum...
1178 5050 1306 5111 relinquat

357 5268 405 5323 18.
441 5268 794 5339 baoeeperit[l']corr.&ul.
868 5268 1171 5338 bactris[V]corr.Scul.
1246 5271 1370 5331 trogesso
1380 5267 1435 5337 [V]‚
1450 5268 1684 5332 togatcOoclhluulo
1758 5270 1788 5318 lo
1801 5267 1904 5338 σαψ]

357 5354 406 5410 19.
444 5357 579 5419 lgenitua
597 5352 650 5423 [V]‚
671 5360 786 5418 genitum
804 5359 892 5405 Domo
1008 5356 1153 5418 lgenitrix
1170 5353 1216 5424 [VJ
1334 5355 1391 5405 det
1408 5355 1425 5406 9
1443 5357 1488 5405 scd
1505 5352 1553 5423 [V]
1666 5356 1728 5407 9θῖ
1745 5357 1829 5405 omnia
1845 5352 1902 5423 [l']‚

269 5446 390 5495 emulcet
405 5443 566 5494 Pulmuuaac
670 5444 686 5493 6
705 5446 827 5505 egregiam
841 5439 887 5509 [V]
902 5457 964 5492 corr.
978 5443 1098 5491 Heinsius
1203 5442 1235 5491 10
1253 5447 1326 5492 neoto
1337 5437 1385 5509 [V]
1491 5440 1521 5493 11
1540 5441 1685 5493 honorent·
1697 5438 1745 5511 [V]
1755 5455 1820 5491 corr.
1833 5442 1904 5493 Saul.

355 5524 407 5582 2⁰·
443 5529 582 5592 tindaptc
600 5525 661 5596 [V]‚
689 5530 942 5593 sucophantas,
971 5529 1103 5592 indeptum
1120 5528 1211 5579 Domo
1326 5527 1361 5597 ,A
1376 5533 1469 5579 m
1484 5522 1534 5597 [VJ
1665 5526 1786 5593 Oqulls
1801 5533 1843 5579 eat
1859 5540 1907 5593 pn

270 5630 359 5678 magno
375 5612 422 5683 [V]
438 5630 502 5665 corr.
522 5615 590 5665 Soet.
698 5615 863 5666 evomam
879 5611 927 5683 [V]
943 5627 1007 5665 cora.
1026 5614 1095 5667 Μ.
1200 5616 1269 5681 1η.
