4448 6226
838 323 1051 378 EPISTVLAE
1071 323 1201 387 (XXllll.
1221 323 1323 385 XXV).

511 591 514 596 Ι
606 511 685 595 ista,
712 521 761 579 set
783 513 878 578 unius
900 520 1023 578 tantum
1045 521 1113 579 tua.
1159 534 1298 597 namque
1321 533 1382 596 ego
1405 533 1532 598 semper

607 624 755 681 contenta
777 617 902 682 cervice
924 616 1036 682 feram.
1085 624 1228 683 consorte
1251 618 1397 682 laborum

607 720 764 785 destituor
786 739 845 785 nee
867 727 932 785 tam
956 727 1137 805 promptum
1161 727 1288 804 gestata
1311 720 1435 787 duobus

608 844 705 888 unum
731 823 898 890 deficiente
922 824 991 909 pari
1014 824 1154 908 perferre
1178 824 1340 890 sodalem:

525 946 547 983 ¹.
609 946 671 989 uon
694 926 820 990 animus
843 927 992 1009 viresque
1014 927 1141 1008 labant,
1169 928 1228 993 sed
1249 927 1360 1011 iniqua
1383 927 1515 994 ferendo

609 1028 753 1094 condicio
776 1037 826 1094 est
847 1030 953 1110 oneri,
981 1049 1052 1094 eum
1076 1050 1192 1094 munus
1215 1036 1384 1113 utrumque
1406 1032 1517 1096 relicto

609 1132 729 1215 ingruit
752 1132 973 1216 acceduntque
995 1133 1123 1198 alienae
1146 1133 1289 1217 pondera
1313 1134 1427 1199 librae.

610 1236 657 1301 siu
680 1256 755 1320 pars
777 1255 878 1318 aegra
899 1235 1038 1300 hominis
1060 1236 1159 1301 trahit
1180 1236 1223 1301 ad
1246 1237 1396 1320 contagia
1419 1257 1532 1302 sanum

611 1359 725 1423 corpus
749 1346 782 1404 et
804 1339 911 1421 exigui
936 1339 1083 1421 quamvis
1106 1339 1289 1404 discrimine
1312 1341 1444 1404 membri

611 1448 678 1506 tota
700 1461 758 1524 per
779 1442 964 1508 innumeros
987 1449 1075 1507 artus
1098 1463 1243 1527 eonpago
1265 1444 1409 1508 vacillat.

612 1546 730 1610 obruar
751 1565 852 1627 usque
875 1552 1000 1627 tamen,
1028 1546 1146 1611 veteris
1169 1566 1209 1611 ne
1232 1547 1318 1612 desit
1340 1546 1437 1612 amici

613 1669 664 1713 me
688 1648 823 1714 durante
848 1649 927 1714 fides
951 1650 1145 1731 memorique
1170 1658 1204 1715 ut
1227 1650 1291 1715 lina
1314 1652 1373 1716 suh
1396 1671 1477 1715 aevo

613 1752 784 1817 restituant
805 1752 975 1836 profugum
998 1753 1184 1817 —solacia
1207 1772 1363 1818 cassa-
1386 1754 1543 1819 sodalem.

612 1862 765 1938 quantum
789 1856 989 1920 oblectamen
1011 1856 1138 1941 populi,
1167 1876 1248 1939 (quae
1271 1863 1346 1921 vota
1369 1856 1523 1922 bonorum
1613 1905 1633 1916 .,

530 1982 538 2051 ².
549 2004 553 2017 ι
615 1965 742 2043 sperato
765 1957 916 2024 fraudata
938 1960 1044 2024 bonot
1066 1959 1225 2041 gratantia
1248 1960 1352 2025 cuncti

615 2062 715 2127 verba
738 2062 959 2143 loquebantur.
1005 2062 1069 2126 iam
1092 2063 1222 2127 nomina
1243 2070 1353 2128 nostra
1375 2065 1532 2147 parabant

613 2166 755 2230 inserere
777 2164 918 2248 antiquis
941 2165 1013 2229 aevi
1036 2165 1177 2229 melioris
1199 2166 1323 2231 amicis.

616 2268 751 2334 cedebat
773 2267 933 2352 Pylades,
960 2267 1095 2351 Phrygii
1118 2288 1242 2351 quoque
1265 2270 1369 2351 gloria
1391 2271 1463 2335 Nisi

616 2373 680 2436 iam
703 2372 806 2436 minor·
828 2378 861 2436 et
882 2371 1040 2456 promissa
1063 2371 1175 2436 obiens
1198 2372 1381 2437 vadimonia
1404 2374 1540 2439 Damon.

618 2495 676 2539 nos
700 2474 893 2539 documenta
915 2475 1020 2556 magis
1043 2473 1169 2556 felicia,
1196 2475 1306 2558 qualia
1328 2496 1465 2559 magnus

619 2579 728 2662 Scipio
752 2578 966 2660 longaevique
990 2577 1080 2642 dedit
1102 2578 1261 2662 sapientia
1285 2580 1390 2644 Laeli:

619 2701 676 2744 nos
699 2681 815 2746 studiis
839 2681 1018 2763 animisque
1040 2681 1144 2746 isdem
1168 2682 1324 2746 miracula
1347 2683 1487 2763 cunctis,

619 2785 678 2849 hoc
701 2785 840 2866 maiora,
867 2802 962 2868 pares
985 2784 1105 2848 suimus
1129 2784 1215 2867 quod
1239 2784 1368 2870 dispare
1391 2785 1424 2850 in
1447 2806 1538 2851 aevo.

620 2888 708 2951 ocius
730 2887 789 2951 illa
810 2887 877 2970 iugi
901 2887 1012 2951 fatalis
1035 2888 1159 2952 solvere
1182 2888 1251 2952 lora

555 3014 567 3050 a
622 2991 788 3055 Pellaeum
812 2991 955 3075 potuisse
979 2989 1092 3055 ducem
1116 3011 1203 3072 reor,
1230 2991 1342 3056 abdita
1365 2992 1484 3075 opertis

621 3093 785 3177 principiis
808 3099 840 3157 ot
861 3101 995 3175 utroque
1018 3099 1114 3177 caput
1137 3094 1277 3159 celantia
1299 3094 1393 3158 nodo.

622 3195 743 3279 grande
767 3195 899 3278 aliquod
922 3197 1053 3262 verbum
1077 3195 1225 3260 nimirum
1249 3196 1406 3275 diximus,
1434 3203 1469 3261 ut
1491 3217 1526 3262 se

621 3298 754 3364 inferret
776 3298 883 3363 nimiis
906 3298 1026 3363 vindex
1048 3299 1248 3363 Rhamnusia
1268 3299 1371 3364 votis:

624 3402 801 3468 Arsacidae
825 3410 859 3468 ut
882 3401 1043 3484 quondam
1066 3402 1152 3484 regis
1176 3423 1240 3466 non
1261 3402 1348 3468 laeta
1370 3403 1542 3487 triumphis

540 3555 544 3566 .
623 3505 760 3588 grandia
781 3507 880 3572 verba
903 3525 1052 3591 premens
1075 3505 1173 3570 ultrix
1197 3505 1259 3570 dea
1281 3505 1407 3571 Medica
1428 3507 1506 3571 belli

623 3610 736 3674 sistere
760 3608 971 3692 Cecropidum
994 3608 1027 3673 in
1050 3608 1143 3674 terrie
1167 3619 1373 3674 monumenta
1395 3611 1522 3694 paranti

624 3712 747 3778 obstitit
768 3720 801 3777 et
824 3712 921 3776 Graio
943 3713 1008 3776 iam
1030 3712 1096 3777 iam
1120 3711 1249 3794 figenda
1271 3719 1401 3798 tropaeo

625 3816 707 3880 ultro
731 3816 828 3882 etiam
850 3816 943 3881 victis
967 3816 1116 3881 Nemesis
1139 3815 1226 3880 stetit
1247 3816 1354 3881 Attica
1376 3817 1493 3882 Persis.

625 3938 709 4001 quae
731 3918 789 3984 tibi
812 3918 1000 3984 Romulidas
1023 3938 1171 4003 proceres
1192 3939 1312 3983 vexare
1335 3918 1435 3983 libido
1459 3926 1532 3985 esti

378 4235 410 4283 22
430 4235 504 4291 Verg.
526 4235 615 4290 Georg.
636 4234 673 4280 lll
694 4231 742 4280 536
761 4237 879 4279 contenta
897 4232 992 4280 cervice
1097 4231 1125 4279 41
1152 4232 1210 4280 Hor.
1228 4231 1281 4280 Sat.
1303 4234 1325 4279 ll
1348 4232 1369 4294 l,
1391 4233 1422 4280 72
1444 4236 1523 4281 virtus
1537 4234 1666 4296 Scipiadae
1685 4239 1712 4281 et
1729 4236 1798 4283 mltis
1817 4237 1917 4296 sapien-

294 4324 328 4369 tia
348 4322 416 4368 laen
520 4319 550 4369 47
571 4322 647 4380 Verg.
669 4321 732 4368 Aen.
754 4319 776 4366 X
798 4318 846 4366 547
865 4319 965 4367 dixerat
983 4320 1027 4366 ille
1045 4318 1139 4379 aliquid
1159 4331 1276 4376 magnum

314 4486 487 4493 ——-———.
495 4484 705 4491 ————-

380 4593 410 4643 21
431 4594 475 4643 sed
496 4592 519 4638 P
625 4592 657 4640 22
677 4595 915 4657 *susscontentafl
1025 4590 1057 4639 23
1076 4590 1196 4637 distituor
1214 4589 1237 4636 P
1345 4588 1409 4657 turn]
1428 4593 1477 4640 iarn
1497 4592 1617 4641 Halmius
1720 4592 1887 4654 promtan

295 4687 363 4740 gesta
376 4682 398 4729 P
413 4677 494 4741 Vea.⁴,
516 4685 606 4727 testata
618 4683 656 4744 βπ
750 4677 781 4726 24
801 4679 925 4726 defitienti
942 4677 963 4723 Ρ
1054 4677 1189 4724 deficiente
1204 4677 1261 4737 (om.
1277 4681 1366 4738 unum}
1382 4679 1430 4725 allo
1444 4679 1525 4725 solum
1538 4679 1649 4740 perferre
1661 4679 1770 4738 iugalem
1787 4677 1919 4743 (41311311

294 4767 327 4816 25
346 4769 434 4815 lauant
451 4783 471 4816 n
587 4766 629 4814 sed
650 4764 692 4814 Ρπ
808 4779 857 4813 non
876 4766 971 4813 animos
990 4766 1160 4824 uiresqnease
1173 4763 1275 4811 leuatur
1293 4770 1331 4812 set
1350 4755 1540 4826 irridaulerendo
1557 4768 1575 4829 β
1696 4763 1728 4812 26
1747 4763 1869 4812 condictio
1888 4762 1917 4824 P,

295 4854 404 4902 conditio
422 4869 443 4903 n
547 4854 629 4900 oneris
641 4851 664 4897 P
681 4847 761 4911 vend,
784 4851 902 4914 bonerifl
1006 4865 1062 4898 cnm
1078 4831 1163 4911 (qvam
1180 4851 1207 4912 l')
1221 4851 1317 4912 pondus
1335 4850 1468 4912 VPoolyo,
1488 4864 1546 4898 cum
1560 4864 1653 4898 munus
1665 4852 1690 4915 p,
1712 4849 1852 4897 communie
1865 4864 1886 4898 n

297 4929 382 4988 reli⁰to
406 4935 517 4999 V(em²J
626 4936 657 4985 21
677 4938 806 5002 aliaenept
911 4936 942 4986 28
961 4937 1117 4984 hominesl'
1221 4937 1325 4984 traitl'
1426 4950 1516 4984 sexum
1535 4951 1556 4986 n
1661 4935 1694 4984 29
1712 4931 1830 5000 membri]
1848 4936 1920 4983 uerbi

298 5041 317 5074 π
422 5024 454 5073 30
473 5027 622 5088 compagofl
725 5040 765 5071 vo.
781 5022 941 5072 31-330111.
962 5022 1003 5069 1Ῥ
1105 5021 1137 5070 33
1156 5021 1394 5082 fortoaoerestltuat
1498 5022 1586 5069 solatia
1604 5036 1624 5070 π
1729 5026 1796 5068 ousta
1813 5019 1850 5070 ed.
1869 5021 1924 5069 Tell

296 5113 367 5171 uolpo
470 5114 525 5170 poet
545 5109 577 5156 33
596 5112 623 5156 in
640 5113 678 5174 flu
697 5114 814 5156 secantur
830 5125 870 5157 ov.
886 5106 998 5168 ea-oa
1019 5122 1077 5170 quoa
1096 5110 1221 5157 inlocum
1240 5109 1311 5156 illum
1330 5109 1487 5166 transpona-
1512 5120 1561 5154 om.
1580 5106 1622 5153 1Ῥ
1723 5122 1763 5154 ov.
1779 5104 1880 5155 34-62
1899 5113 1925 5154 et

300 5195 418 5246 311-122
431 5210 478 5243 om.
493 5199 532 5263 βπ
638 5195 670 5244 35
690 5195 824 5256 speretal'
925 5195 1028 5242 cuotil'
1130 5193 1163 5244 36
1181 5194 1367 5256 loquebaturV
1470 5192 1627 5241 3711111111
1731 5192 1763 5242 38
1781 5193 1877 5254 pilades
1895 5192 1922 5252 V,

300 5282 437 5345 plyadesP
540 5281 633 5342 pbuigii
652 5281 695 5328 1Ῥ
797 5277 862 5346 Nisi]
876 5281 966 5328 rris.V
1067 5280 1100 5328 40
1119 5281 1261 5329 doctmonte
1277 5279 1319 5326 VP
1421 5278 1450 5327 41
1473 5279 1526 5341 lqbl
1544 5279 1564 5324 V
1584 5279 1651 5340 (corr.
1667 5276 1721 5341 nd),
1743 5280 1791 5327 cell
1805 5279 1834 5341 P,
1855 5280 1924 5327 laelii

305 5365 375 5417 l'en.⁴
514 5367 547 5416 42
567 5370 714 5429 arrimysquo
737 5368 757 5413 l'
772 5366 795 5427 (y
814 5369 840 5414 tn
857 5381 919 5428 raa,
939 5367 1043 5428 sertum
1061 5364 1106 5428 1113)
1230 5366 1328 5414 hisdem
1348 5365 1370 5412 P
1498 5365 1578 5412 unctis
1601 5364 1620 5412 V
1744 5364 1888 5412 4311111011
1910 5365 1928 5411 V

300 5455 331 5503 41
352 5456 474 5503 duximus
492 5453 538 5515 VP,
560 5453 698 5503 compar.
805 5458 833 5500 ut
852 5449 891 5519 ee]
909 5451 999 5501 isteP
1100 5453 1133 5501 48
1151 5452 1271 5500 ludexP
1373 5451 1571 5499 431111111111111
1674 5451 1706 5498 50
1726 5453 1853 5511 premleue
1871 5452 1894 5498 P

300 5543 347 5589 dee
365 5536 472 5605 Medica]
490 5541 632 5588 dementire
653 5540 681 5601 P,
702 5540 829 5587 dementia
851 5535 923 5586 Vera.⁴
1056 5539 1085 5587 51
1108 5538 1266 5600 cecrepidnm
1286 5538 1308 5585 P
1440 5539 1517 5599 parati
1541 5538 1567 5592 V,
1590 5543 1678 5598 parent
1701 5537 1730 5597 P,
1751 5539 1847 5599 paranti
1868 5537 1924 5586 Por.

301 5627 333 5675 52
352 5628 467 5687 lingenda
485 5626 507 5673 P
527 5623 599 5675 Vm.⁴
616 5627 685 5686 votpo
790 5625 822 5671 53
840 5623 931 5673 om.P
1034 5623 1065 5672 54
1085 5623 1260 5672 romolidasl'
