4358 6234
271 320 311 381 28
1008 316 1163 374 Avsorttl

270 509 303 575 in
326 515 470 592 tempora
492 508 555 573 ista
577 507 777 592 procederes,
803 506 836 572 in
858 516 965 574 nostro
982 508 1137 573 Gratiano
1153 529 1311 587 cerneres,
1338 510 1424 592 quod
1438 509 1472 574 in
1488 511 1571 594 Cyro
1586 519 1641 577 tuo
1664 531 1726 576 non
1750 512 1891 591 videras,

271 612 330 678 sed
345 611 491 696 optabas.
529 614 580 674 70.
606 617 702 693 utque
716 610 780 675 ista
796 610 912 692 omnia,
932 632 1016 694 quae
1032 610 1159 695 punctis
1175 611 1368 693 quibusdam
1383 613 1566 679 acuminata
1581 614 1720 697 signavi,
1739 616 1767 680 si
1783 615 1897 680 facun-
1917 633 1944 672 ιο

271 716 327 780 diu
348 735 405 800 pro
428 715 592 780 voluntate
616 720 809 799 suppeteret,
836 734 1029 797 quamquam
1052 735 1114 778 non
1130 715 1278 799 copiosus
1294 735 1479 799 exequerer,
1508 716 1685 784 ubertatem
1701 719 1776 783 stilo
1791 739 1896 785 rerum
1991 745 1996 753 ·

273 817 494 903 magnitudine
518 824 728 902 suggerente:
756 816 815 882 sed
837 837 898 882 nec
919 818 1015 883 huius
1038 817 1103 883 diei
1125 838 1185 884 nee
1207 818 1302 883 buius
1325 818 1388 884 ista
1410 819 1576 885 materiae.
1616 820 1671 902 qui
1687 821 1802 886 dicturi
1817 821 1897 887 estis

272 922 386 987 laudes
409 921 563 1006 principis
587 921 703 1004 nostri,
737 920 864 987 habetis
894 921 983 986 velut
1006 921 1230 1002 seminarium,
1265 922 1350 988 unde
1381 923 1558 989 orationum
1584 930 1761 989 vestrarum
1784 925 1897 1008 iugera

272 1024 476 1109 compleatis:
503 1045 565 1108 ego
587 1025 651 1089 ista
672 1025 844 1108 perstrinxi
866 1031 980 1107 atque,
1015 1031 1051 1089 ut
1073 1025 1179 1090 sciunt
1201 1044 1330 1107 omnes,
1363 1045 1494 1110 possum
1522 1026 1625 1092 videri
1647 1027 1816 1092 familiaris
1839 1048 1897 1093 no-

272 1129 361 1194 titiae
392 1134 533 1193 secretus
562 1127 719 1211 interpres
749 1127 927 1194 domestica
957 1128 1059 1193 istaec
1090 1148 1152 1192 non
1182 1135 1248 1194 tam
1271 1119 1459 1213 praedicare
1487 1150 1583 1212 qnam
1606 1129 1751 1215 prodere.
1798 1136 1895 1212 atque
1917 1147 1944 1187 ιι

271 1239 307 1297 ut
328 1231 390 1295 ista
413 1230 480 1295 dixi
502 1231 543 1295 de
566 1229 703 1313 cognitis
725 1229 803 1296 mibi
826 1237 923 1314 utque
945 1230 1029 1296 intra
1051 1231 1159 1296 aulam
1182 1230 1407 1313 familiaribus,
1434 1252 1562 1316 possem
1585 1240 1618 1298 et
1640 1232 1717 1299 foris
1733 1233 1898 1298 celebrata

272 1354 465 1415 memorare,
499 1332 561 1398 nisi
593 1333 700 1399 omnia
728 1353 839 1400 omnes
869 1341 902 1400 et
930 1335 1104 1419 separatim
1135 1335 1197 1401 sibi
1227 1335 1362 1418 quisque
1392 1336 1545 1402 novisset.
1594 1340 1646 1401 71.
1672 1356 1799 1421 possem
1826 1337 1897 1421 pari

271 1438 428 1504 brevitate
459 1438 567 1504 dicere
599 1438 692 1524 (qua)
724 1436 900 1522 superiora.
948 1437 1202 1504 emendatissimi
1235 1438 1296 1503 viri
1326 1446 1375 1504 est
1405 1439 1547 1524 pigenda
1568 1451 1631 1505 n‘on
1654 1440 1774 1506 facere:
1808 1448 1842 1506 at
1862 1447 1897 1506 tu

271 1562 445 1624 numquam
476 1541 673 1625 paenitenda
703 1541 806 1606 fecisti
834 1547 867 1606 et
889 1561 1017 1625 semper
1040 1542 1167 1607 veniam
1190 1541 1430 1626 paenitentibus
1452 1542 1609 1607 obtulisti.
1657 1541 1824 1626 pulchrum
1847 1548 1898 1608 est

271 1646 440 1729 indulgere
462 1644 664 1710 timentibus:
692 1644 750 1709 sed
773 1652 807 1710 ιιι
823 1651 1000 1730 perpetuae
1013 1644 1167 1710 bonitatis
1183 1644 1298 1710 edictis
1313 1645 1476 1711 occurristi
1493 1645 1651 1724 omnibus,
1677 1666 1719 1711 ne
1733 1646 1893 1711 timerent.
1916 1662 1944 1703 to

272 1749 476 1833 magnificum
499 1747 611 1830 largiri
633 1747 786 1812 honores:
811 1754 845 1812 ιιι
869 1746 1039 1812 honoratos
1062 1755 1094 1813 ct
1117 1748 1311 1813 liberalitate
1334 1747 1456 1813 ditasti.
1505 1748 1670 1815 laudabile
1690 1756 1740 1815 est
1759 1749 1898 1832 impera

271 1862 371 1920 torem
395 1852 507 1917 faciles
529 1851 810 1936 interpellantibus
832 1851 989 1935 praebere
1011 1851 1119 1917 editus
1141 1871 1202 1916 nec
1224 1851 1265 1917 de
1286 1851 1493 1936 occupatione
1510 1851 1652 1916 causari:
1678 1859 1714 1917 tu
1730 1852 1899 1917 confirmas

272 1956 363 2022 adire
387 1961 575 2020 cunctantes
598 1961 630 2019 et
651 1954 715 2018 iam
739 1954 944 2038 querimoniis
967 1954 1149 2039 explicatis,
1176 1975 1217 2020 nc
1240 1954 1317 2037 quid
1339 1953 1447 2019 adbuc
1469 1955 1614 2032 sileatur,
1641 1954 1832 2038 interrogas.

359 2058 445 2122 XVI.
474 2061 526 2122 72.
552 2058 687 2124 Celebre
710 2056 772 2122 fuit
793 2056 858 2122 riti
881 2057 1032 2126 Caesaris
1062 2057 1200 2138 dictum,
1234 2057 1415 2141 perdidisse
1438 2077 1473 2122 sc
1498 2056 1600 2136 diem,
1632 2077 1694 2139 quo
1722 2057 1802 2122 nihil
1826 2058 1901 2123 boni

273 2159 403 2227 fecerat.
451 2160 509 2225 sed
532 2159 658 2225 celebre
681 2159 754 2241 fuit,
791 2158 867 2243 quia
890 2160 1081 2245 Vespasiani
1105 2179 1271 2226 successor
1293 2159 1435 2240 dixerat,
1470 2160 1563 2225 cuius
1585 2160 1684 2224 nimia
1705 2160 1901 2245 parsimonia

273 2274 305 2330 et
327 2264 498 2330 austeritas
521 2265 576 2328 vix
599 2262 733 2329 ferenda
756 2263 870 2329 miram
893 2264 1013 2331 fecerat
1034 2264 1093 2328 filii
1116 2265 1293 2330 lenitatem.
1340 2271 1375 2330 tu
1394 2263 1620 2329 Valentiniano
1642 2264 1781 2348 genitus,
1807 2264 1900 2330 cuius

273 2369 340 2433 alta
362 2367 505 2449 bonitaS,
539 2387 693 2451 praesens
720 2367 870 2449 comitas,
900 2375 1080 2452 temperata
1103 2368 1259 2433 severitas
1282 2368 1360 2450 fuit,
1395 2376 1486 2452 parto
1508 2375 1541 2433 et
1563 2367 1689 2433 condito
1712 2366 1832 2451 optimo
1855 2367 1901 2432 rei

274 2470 424 2556 publicae
447 2477 549 2552 statu,
575 2470 739 2554 intellegis
762 2476 913 2555 possete
936 2490 1008 2536 esse
1032 2469 1233 2535 lenissimum
1256 2469 1326 2535 sine
1348 2470 1520 2556 dispendio
1548 2468 1749 2553 disciplinae.
1796 2489 1932 2552 nequet

274 2593 349 2638 vero
372 2593 470 2637 unum
492 2573 623 2656 aliquod
652 2573 769 2638 bonurn
792 2594 854 2640 uno
878 2573 932 2639 die
959 2580 1126 2658 praestas,
1160 2573 1219 2639 sed
1246 2573 1466 2657 indulgentias
1489 2574 1670 2657 singulares
1692 2592 1750 2657 per
1771 2571 1901 2654 singula

275 2677 424 2743 horarum
448 2684 609 2743 momenta
631 2677 839 2762 multiplicas.
887 2680 940 2742 73.
973 2677 1025 2742 vel
1053 2677 1133 2742 illud
1157 2698 1255 2743 unum
1279 2677 1369 2742 cuius
1393 2676 1479 2741 modi
1501 2684 1551 2741 est
1573 2675 1614 2741 dc
1637 2675 1828 2741 condonatis
1851 2695 1902 2741 re-

274 2781 375 2846 siduis
398 2781 601 2847 tributorum:
629 2780 714 2863 quod
737 2788 770 2846 ιιι
794 2802 889 2864 quam
913 2781 1075 2846 cumulata
1096 2781 1239 2846 bonitate
1262 2780 1385 2846 fecisti!
1411 2781 1484 2863 quis
1507 2800 1657 2863 umquam
1673 2780 1901 2864 imperatorum

274 2884 334 2950 boc
357 2885 532 2969 provinciis
555 2885 621 2949 suis
645 2891 701 2949 aut
723 2885 868 2950 uberiore
890 2884 1094 2968 indulgentia
1117 2884 1207 2950 dedit
1228 2891 1284 2950 aut
1306 2884 1440 2950 certiore
1464 2883 1635 2949 securitate
1657 2883 1824 2967 prospexit
1845 2892 1902 2949 ant

275 2987 445 3073 prudentia
467 2987 660 3053 consultiore
682 2987 840 3051 munivit?
862 2986 983 3053 fecerat
1005 2993 1037 3053 et
1052 2987 1212 3053 Traianus
1235 2987 1321 3067 olim,
1353 2989 1411 3053 sed
1435 2987 1579 3071 partibus
1602 2986 1734 3050 retentis
1755 3005 1820 3051 non
1842 2986 1901 3051 ha·
1921 3003 1951 3043 ιο

276 3091 372 3156 bebat
392 3098 514 3156 tantam
537 3089 783 3155 oblectationem
807 3090 953 3156 concessi
975 3089 1076 3156 debiti
1108 3089 1228 3175 portio,
1262 3098 1383 3172 quanta
1414 3089 1544 3155 suberat
1566 3088 1745 3154 amaritudo
1768 3088 1898 3155 servati.

276 3202 309 3259 et
323 3195 502 3260 Antoninus
518 3194 709 3275 indulserat,
737 3192 796 3260 sed
810 3192 948 3279 imperii,
973 3215 1038 3259 non
1053 3192 1201 3259 beneficii
1225 3212 1391 3258 successor
1412 3192 1537 3272 inridit,
1563 3192 1617 3276 qui
1640 3212 1681 3256 ex
1703 3191 1902 3257 documentis

276 3297 459 3381 tabulisque
486 3298 618 3382 [populil
645 3297 825 3363 condonata
848 3297 1008 3382 repetivit.
1056 3304 1089 3361 tu
1113 3302 1304 3380 argumenta
1330 3295 1440 3360 omnia
1463 3293 1632 3378 flagitandi
1655 3294 1828 3379 publicitus
1849 3316 1903 3360 ar-

275 3400 352 3467 dere
382 3401 516 3466 iussisti.
565 3405 616 3466 74.
650 3400 761 3466 videre
788 3401 821 3464 in
845 3401 912 3465 suis
934 3419 1081 3483 quaeque
1105 3399 1183 3464 foris
1206 3418 1317 3464 omnes
1340 3396 1487 3463 civitates
1511 3397 1790 3480 conflagrationem
1813 3399 1903 3464 salu-

276 3504 343 3570 bris
358 3504 509 3569 incendii.
557 3504 714 3569 ardebant
730 3503 847 3590 stirpes
863 3502 1026 3568 fraudium
1045 3511 1199 3581 veterum,
1227 3501 1385 3566 ardebant
1407 3500 1581 3566 seminaria
1602 3500 1792 3566 futurarum.
1837 3501 1902 3566 iam
1924 3519 1953 3559 rs

275 3629 310 3676 se
333 3630 404 3675 cum
427 3609 560 3693 pulvere
583 3608 697 3672 fauilla
718 3608 900 3677 miscuerat,
926 3607 992 3672 iam
1015 3606 1153 3672 nubibus
1176 3605 1283 3670 fumus
1299 3604 1366 3690 (se)
1390 3604 1569 3669 involverat
1591 3611 1624 3669 et
1645 3603 1751 3668 adhue
1773 3603 1902 3669 obnoxii

276 3714 309 3778 in
339 3712 468 3798 paginis
495 3711 704 3776 concrematis
733 3711 848 3776 ductus
877 3710 1004 3795 apicum
1032 3717 1064 3776 et
1087 3710 1304 3775 sestertiorum
1327 3716 1420 3773 notas
1443 3708 1602 3773 coniventi
1624 3707 1811 3773 adoratione
1833 3727 1903 3772 cer-

276 3817 412 3893 nebant,
446 3815 531 3898 quod
561 3814 773 3880 meminerunt
800 3814 917 3880 lectum
949 3814 1013 3897 legi
1043 3833 1138 3896 posse
1169 3821 1202 3878 et
1231 3821 1297 3877 tum
1328 3819 1487 3877 verentes.
1541 3809 1620 3894 quid
1648 3817 1698 3891 te,
1730 3810 1905 3894 imperator

276 3921 438 4002 Augusto,
465 3917 709 4001 indulgentius?
753 3916 830 4001 quid
853 3924 1052 4003 potestesse
1075 3915 1276 3980 consultius?
1313 3934 1396 3996 quae
1420 3915 1502 3978 bona
1525 3920 1690 3997 praestas,
1716 3911 1836 3994 efficis,
1861 3932 1903 3977 ne

278 4023 401 4088 catluca
423 4021 503 4088 sint:
530 4041 612 4103 «pune
636 4022 723 4085 mala
745 4021 878 4090 adimis.
905 4018 1064 4104 prospicis
1087 4038 1127 4083 ne
1151 4017 1275 4101 quissint
1296 4037 1367 4082 esse
1390 4015 1545 4082 recidiva.
1593 4018 1645 4078 75.
1671 4015 1752 4081 baec
1774 4014 1904 4100 provin·
1922 4033 1952 4074 au

277 4125 412 4191 cialibus
435 4122 654 4206 indulgentiae
677 4123 771 4188 bonu.
819 4121 897 4205 quid
920 4122 977 4187 illa
999 4128 1106 4187 nostro
1129 4121 1244 4187 ordini.
1271 4119 1348 4202 quid
1372 4120 1430 4183 illa
1453 4118 1628 4184 militibus?
1671 4117 1901 4183 Antoninorum

319 4312 379 4317 .-—
407 4310 525 4317 ——-.

364 4422 380 4467 n
399 4421 448 4468 cluo
470 4420 489 4466 l'
621 4420 650 4467 tu
669 4434 732 4481 quac
751 4433 784 4477 ω,
804 4419 877 4479 quest
900 4417 956 4478 1⁶9..
976 4432 1040 4480 quae
1059 4419 1130 4479 qussi
1152 4417 1205 4465 Tell
1225 4418 1295 4476 colpe
1430 4415 1456 4463 11
1478 4419 1624 4476 suppeteret
1642 4421 1668 4462 et
1686 4414 1814 4461 Acidulitu
1832 4415 1904 4473 colpe

280 4508 309 4557 l'l
328 4522 372 4555 troc
389 4503 949 4571 ,postulorY,tuptonm1nectmut²‹t3,
971 4519 1052 4566 nequo
1068 4509 1112 4552 ret.
1220 4504 1321 4551 dicituri
1336 4501 1362 4548 ,11
1469 4501 1499 4549 16
1518 4499 1700 4548 celebritateT
1805 4498 1835 4547 18
1853 4513 1904 4560 qut

276 4610 324 4642 ιιιιι.
346 4609 376 4651 ω,
397 4591 456 4641 odd.
479 4593 608 4641 Aridultus
747 4593 873 4653 pingenda
892 4591 925 4652 tr,
951 4592 1101 4653 poenitenda
1121 4590 1179 4638 Pur.
1201 4592 1270 4648 culpo
1413 4589 1443 4637 tt
1463 4587 1615 4648 poenitenda
1632 4592 1655 4633 et
1674 4587 1862 4648 poenitentibus
1883 4584 1904 4630 Τ

277 4681 307 4730 'li
329 4681 489 4740 magrrldcuur
507 4688 547 4728 cst
567 4680 653 4740 llelpb.
760 4679 892 4727 buturoratos
915 4677 974 4736 Ti⁸
992 4692 1020 4724 es
1039 4686 1058 4725 ι’.
1167 4677 1199 4725 tt
1219 4677 1309 4725 sileatu
1332 4675 1356 4722 ,11
1463 4677 1586 4733 interogat
1607 4672 1657 4720 nt

363 4766 432 4814 Kl'l.
457 4767 466 4814 1
489 4764 566 4814 nrrtt
664 4764 846 4828 iutrspsxieut
863 4765 1049 4826 dempserunt
1066 4761 1119 4824 .le³
1219 4762 1393 4809 nimlsouul
1490 4761 1504 4806 3
1524 4760 1628 4807 terendi
1642 4758 1667 4805 ,11
1762 4758 1905 4806 nolentium

280 4850 356 4914 Tlpp‘³
442 4853 564 4913 loptimo
581 4848 1078 4912 rpt,spernus,ses‹s.oprr1ms«r.
1152 4852 1187 4896 roi
1202 4862 1226 4908 p.
1246 4848 1272 4899 t'.
1289 4849 1324 4895 rei
1337 4861 1379 4907 pu.
1399 4845 1424 4892 ,11
1511 4843 1742 4893 bleuuissimumd!
1822 4842 1905 4890 (isiu-

277 4935 642 4998 gruteresrpmecutsrosat.
716 4936 854 4998 Srrnquanr
871 4934 919 4982 tt!
988 4934 1068 4983 benit
1084 4934 1109 4981 ,11
1183 4934 1358 4991 ltltyrtpunus
1374 4931 1399 4977 ll
1473 4930 1699 4980 121ιιι1ιι1ηηι11
1771 4928 1800 4976 13
1815 4928 1904 4990 populi

277 5040 324 5074 our.
342 5023 376 5079 11,
392 5026 491 5086 populis
506 5022 656 5077 Μοιιιιιιιαις
671 5025 826 5087 uupopulut
913 5028 1031 5083 repetunt
1046 5021 1071 5067 ,11
1163 5021 1190 5068 ll
1205 5020 1404 5076 currttgitiuucm
1421 5018 1446 5064 l!
1536 5018 1565 5065 15
1579 5026 1666 5079 stupes
1681 5014 1707 5061 ,11
1787 5013 1904 5062 trandum

276 5108 411 5158 turtur-tter:
421 5124 481 5169 qous.
494 5108 527 5154 1¹³¹
545 5112 614 5171 culpo
684 5112 781 5160 serulus
797 5105 892 5174 Tplxc²
982 5107 1011 5156 lti
1030 5106 1171 5156 scuddbli:
1190 5106 1340 5152 introissent
1355 5104 1489 5152 llomnuen
1581 5103 1609 5151 li
1628 5103 1806 5150 sestertiorum
1822 5097 1873 5146 ΤΠ

277 5199 438 5246 ωιιιιιιιιιιιιι
456 5191 474 5245 d
495 5198 535 5247 iou
557 5198 585 5252 Τ,
609 5212 664 5244 cum
684 5198 800 5243 iuuantis
820 5197 927 5255 ,uiuitis
944 5195 969 5240 t·
990 5193 1022 5241 dc
1044 5187 1071 5245 ,d
1088 5195 1110 5239 t*
1132 5194 1225 5239 reticius
1244 5189 1325 5250 rpus:
1341 5198 1363 5237 ιι
1382 5188 1409 5236 t*
1435 5195 1460 5236 tu
1479 5205 1529 5247 ηις.
1549 5189 1574 5236 ul
1592 5190 1709 5247 tusscie),
1729 5201 1788 5234 cum
1806 5186 1905 5234 uiuacis

280 5286 385 5341 ,iniustis
397 5287 415 5334 l.
436 5263 547 5337 uiunutis
559 5286 583 5341 cl
597 5284 629 5331 de
642 5283 806 5334 rationem..
826 5294 882 5329 cum
896 5280 1030 5327 titubantia
1043 5287 1069 5325 ct
1082 5279 1247 5339 trepidatione
1262 5278 1328 5325 8011.
1345 5278 1421 5336 uduo.
1442 5278 1592 5323 conuiuenti
1605 5274 1635 5321 dc
1648 5277 1744 5321 tutione
1757 5271 1823 5331 Tott,
1848 5284 1905 5319 cum

279 5371 397 5415 tltnbsuti
418 5371 558 5417 adoratione
572 5368 670 5429 Herupt,
689 5381 735 5415 ceu
755 5370 878 5427 integrate
896 5365 1053 5413 adsumtione
1070 5363 1079 5410 1
1085 5363 1158 5423 'uere
1179 5364 1335 5411 rortturbuntl
1353 5362 1511 5410 adtentione
1525 5360 1655 5412 sunm,
1676 5358 1807 5407 uouiueutt
1818 5356 1904 5405 sdera-

281 5455 348 5503 tiuue
366 5469 409 5512 epo
513 5455 634 5503 mittebant
655 5454 682 5502 ,11
788 5452 818 5501 tt
837 5452 887 5511 legi
900 5432 1111 5514 pussdtctuctoree
1127 5450 1155 5503 Τ,
1177 5451 1226 5509 legi
1241 5461 1325 5511 postet
1338 5459 1354 5500 ι
1366 5453 1466 5496 neure·
1478 5443 1530 5507 ss,
1550 5445 1600 5505 leci
1611 5457 1685 5507 petto
1695 5450 1724 5492 et
1735 5447 1836 5492 m
1845 5447 1902 5503 cd..

278 5547 304 5587 et
317 5548 432 5589 remutet
446 5541 518 5601 Ald,
536 5544 612 5589 etlam
625 5548 742 5589 remotus
755 5538 892 5593 setosus,
913 5540 989 5587 ettam
1001 5544 1063 5585 tune
1077 5546 1194 5585 temutes
1209 5536 1262 5583 rust
1273 5536 1356 5595 adpo,
1371 5544 1446 5597 pets·
1456 5538 1603 5583 Μ
1611 5528 1745 5591 ΗΠ,
1755 5534 1787 5579 ἃ
1795 5533 1852 5581 tu
1862 5541 1908 5579 n·

280 5634 364 5676 rentes
376 5641 419 5688 epo
523 5627 556 5679 20
576 5627 675 5675 recidua
690 5626 717 5677 T.
740 5626 850 5674 recidiua
867 5620 910 5674 tt*
929 5630 1041 5687 ,uterquc
1053 5626 1081 5671 ia
1092 5638 1141 5682 sup.
1156 5622 1281 5679 rediuiua)
1300 5620 1346 5683 et,
1363 5616 1431 5671 Ιὺ
1883 5610 1907 5656 Ι
