4358 6234
270 313 333 376 226
567 309 722 368 AVSONII
739 310 1020 368 EPIGRAMMATA
1040 309 1182 378 (CXIIII).
1219 311 1455 368 FRAGMENTA
1475 311 1598 378 (I-llll.

847 605 982 673 CXIIII.
1007 604 1055 669 IN
1077 604 1312 672 NOTARIVM.

419 761 521 844 Puer,
547 767 692 827 notarum
714 768 903 846 praepetum
1170 763 1289 828 vellem
1312 761 1457 828 dedisset
1477 782 1569 828 mens
1591 784 1680 845 meu,
1730 839 1740 856 Ι
1852 783 1899 833 uu

420 865 535 931 sollers
557 864 719 946 minister,
744 863 873 928 advola.
1086 882 1117 924 ao
1170 885 1266 947 quam
1290 865 1451 949 praepetis
1474 865 1607 932 dextrae
1629 865 1708 948 luga
1860 870 1899 931 (ω)

419 968 569 1054 bipatens
591 966 733 1052 pugillar
754 966 885 1052 expedi,
1171 974 1206 1033 tu
1229 988 1279 1033 me
1303 968 1484 1050 loquentem
1507 968 1689 1054 praevenis.

420 1071 472 1137 cui
494 1071 595 1136 multa
617 1070 708 1136 fandi
730 1070 822 1154 copia
1171 1071 1259 1155 quis,
1287 1090 1425 1155 quaeso,
1451 1071 1524 1154 quis
1546 1092 1598 1137 me
1620 1071 1783 1156 prodidit?

420 1175 547 1259 punctis
569 1180 699 1259 peracta
721 1171 860 1256 singulis
1171 1174 1243 1258 quis
1266 1173 1328 1240 ista
1349 1173 1413 1239 iam
1436 1172 1518 1239 dixit
1539 1174 1617 1255 tibi,

421 1284 455 1342 ut
477 1298 542 1343 una
563 1297 626 1343 vox
648 1276 836 1342 absolvitur.
1171 1297 1253 1361 quae
1277 1278 1457 1360 cogitabam
1481 1277 1610 1344 dicere?

420 1381 534 1446 evolvo
557 1380 655 1446 libros
678 1380 794 1444 uberes
1087 1399 1117 1439 2⁵
1171 1400 1254 1462 quae
1277 1380 1363 1445 furta
1385 1380 1481 1446 corde
1504 1381 1537 1445 in
1559 1380 1670 1446 intimo

418 1484 584 1568 instarque
607 1483 727 1549 densae
749 1481 916 1565 grandinis
1171 1490 1300 1549 exercet
1322 1483 1391 1548 ales
1414 1483 1572 1550 dexteras

418 1595 558 1654 torrente
580 1586 693 1669 lingua
715 1591 893 1671 perstrepo.
1171 1586 1243 1670 quis
1266 1586 1345 1652 ordo
1366 1605 1472 1651 rerum
1494 1592 1561 1652 tam
1583 1607 1702 1668 novus,

419 1690 478 1756 tibi
500 1710 560 1755 nec
582 1709 677 1756 aures
699 1689 867 1773 ambigunt
1170 1689 1281 1755 veniat
1301 1689 1336 1754 in
1357 1708 1451 1754 aures
1474 1695 1509 1756 ut
1530 1696 1620 1773 tuas,

419 1813 480 1859 nec
502 1800 674 1879 occupatur
695 1791 816 1876 pagina
1169 1793 1256 1876 quod
1278 1791 1391 1876 lingna
1413 1791 1553 1859 nondum
1576 1793 1774 1859 absolverit?

421 1903 453 1962 et
474 1902 560 1962 mota
582 1915 679 1980 parce
702 1894 836 1960 dextera
1087 1918 1117 1958 co
1171 1894 1315 1961 doctrina
1336 1915 1400 1961 non
1422 1895 1484 1962 hoc
1504 1896 1666 1982 praestitit

419 1999 508 2064 volat
528 2018 586 2084 per
607 2018 728 2082 aequor
749 2017 886 2063 cereum.
1170 2018 1230 2064 nec
1251 1998 1321 2063 ulla
1341 2005 1407 2064 tam
1430 1999 1524 2064 velox
1546 2018 1660 2064 manus

420 2123 492 2169 cum
515 2101 653 2167 maxime
674 2122 759 2167 nunc
782 2100 952 2186 proloquor
1171 2100 1362 2186 celeripedis
1385 2101 1583 2187 compendii:

420 2204 698 2290 circumloquentis
719 2203 859 2287 ambitu,
1171 2212 1286 2271 natura
1307 2224 1424 2271 munus
1446 2204 1506 2271 boc
1527 2204 1586 2271 tibi

419 2316 454 2374 tu
476 2329 574 2374 sensa
595 2306 695 2373 nostri
718 2306 854 2390 pectoris
1171 2308 1315 2393 deusque
1338 2308 1456 2374 donum
1478 2307 1624 2390 tradidit,

419 2411 474 2477 vix
497 2412 584 2478 dicta
606 2411 670 2476 iam
693 2409 774 2475 ceris
795 2416 898 2476 tenes.
1087 2436 1118 2474 ae
1171 2432 1254 2496 quae
1277 2412 1425 2495 loquerer
1446 2417 1481 2475 ut
1503 2412 1602 2477 scires
1625 2412 1713 2497 prius

420 2516 538 2581 sentire
560 2521 625 2580 tam
650 2513 743 2579 velox
765 2512 844 2577 mibi
1172 2516 1320 2597 idemque
1344 2515 1446 2580 velles
1468 2514 1554 2597 quod
1577 2516 1660 2581 volo.

905 2953 1255 3055 FRAGMENTA.

1067 3185 1094 3252 1.

871 3323 973 3388 redite
995 3342 1121 3390 sursum
1146 3322 1289 3389 flumina.

1064 3532 1108 3598 11.

802 3667 996 3752 investigato
1020 3666 1103 3735 ferre
1127 3669 1218 3735 dolos
1241 3669 1355 3755 lepori.

1052 3875 1112 3940 111.

643 4031 726 4096 quae
748 4016 858 4076 tantae
880 4018 1012 4078 tenuere
1035 4032 1143 4079 morae
1167 4033 1293 4079 rumore
1316 4016 1376 4081 sub
1399 4015 1517 4095 iomni.

355 4293 462 4342 cxnrr.
501 4289 534 4340 29
552 4290 625 4339 Mart.
646 4289 723 4337 xllll
744 4289 795 4340 208
814 4294 915 4339 current
933 4293 1008 4340 verbe
1025 4292 1094 4354 licet,
1115 4306 1205 4341 manus
1223 4298 1262 4342 est
1281 4294 1386 4342 velocior
1404 4294 1469 4344 illis:
1492 4295 1603 4344 nondum
1622 4298 1712 4358 lingue
1729 4312 1816 4362 auum,
1835 4301 1898 4351 dex·

269 4386 306 4429 tre
325 4381 424 4443 peregit
441 4393 519 4442 opus3
540 4375 575 4435 cs.
597 4377 719 4426 mouent.
741 4377 882 4440 Puristcph.
903 4378 977 4426 vllli
995 4377 1028 4427 23
1041 4393 1080 4441 sq.

356 4636 462 4688 GXllll.
500 4638 529 4686 ln
544 4638 667 4686 noterium
682 4635 716 4700 Μ,
737 4637 776 4685 Ad
789 4637 913 4685 nautium
926 4637 952 4685 in
965 4638 1095 4687 scribendo
1107 4639 1292 4689 uelocissimum
1309 4635 1392 4702 lind)
1404 4637 1432 4700 E,
1453 4638 1492 4689 De
1504 4640 1600 4690 nobrio
1611 4642 1638 4691 lu
1650 4643 1783 4695 scribendo
1794 4645 1900 4697 uelocis-

270 4728 334 4774 simo
352 4740 379 4791 χ,
400 4725 440 4773 Ad
458 4726 583 4773 noterium
603 4725 759 4774 velocissime
777 4725 947 4785 excipientem
966 4724 1049 4785 Impd.
1074 4726 1144 4787 uolpo
1251 4725 1262 4775 l
1283 4727 1407 4774 noterium
1426 4739 1458 4788 ω,
1478 4730 1593 4776 ueterum
1612 4727 1638 4776 s·
1737 4737 1899 4795 praeceptum

273 4813 359 4876 (pree.)
379 4825 410 4872 ω,
430 4816 579 4874 praepetum
603 4807 677 4860 Ven.³
791 4809 807 4859 2
826 4810 902 4858 solers
924 4809 977 4875 Μχ,
998 4812 1081 4860 solens
1102 4811 1122 4858 T
1238 4812 1412 4875 tpugrnrr
1525 4811 1710 4878 bprcIecteI'
1824 4819 1899 4880 'lego

272 4900 346 4948 uoluo
364 4914 395 4958 ω,
416 4897 502 4946 evolvo
524 4895 596 4946 Vere!
738 4895 770 4944 lo
794 4897 892 4958 tibique
911 4911 944 4959 ω,
963 4898 1010 4946 tibi
1033 4894 1106 4948 Veu.³
1246 4897 1278 4948 12
1302 4904 1391 4961 perte
1411 4898 1433 4945 Τ
1574 4899 1605 4950 16
1631 4906 1659 4950 tu
1679 4901 1700 4950 Τ
1719 4902 1747 4966 (r.
1766 4920 1793 4954 u.
1812 4904 1895 4965 mm)

274 4982 303 5032 17
323 4984 364 5032 uel
385 4983 416 5046 T,
435 4983 476 5031 uis
496 4981 532 5043 M,
552 4983 598 5031 uix
616 4997 643 5048 χ,
664 4988 694 5030 ut
715 4981 769 5029 Tell
785 4981 859 5041 culpo
968 4983 1098 5031 iecerisT
1208 4982 1241 5033 25
1259 4985 1287 5032 iu
1305 4999 1354 5033 cm.
1377 4984 1398 5031 Τ
1499 4984 1532 5035 26
1550 4999 1641 5036 exerce
1658 4989 1722 5037 tales
1742 4988 1777 5051 Μ,
1799 5003 1899 5040 exerces

272 5070 335 5118 tales
356 5069 385 5132 T,
406 5073 507 5118 exercet
525 5068 576 5118 eles
594 5084 614 5133 χ
716 5067 749 5117 2Ί
768 5082 851 5118 rerum
870 5068 929 5118 ordo
947 5066 976 5115 M
1078 5070 1111 5119 30
1129 5068 1191 5120 bueo
1212 5070 1320 5130 Tcolpo

358 5156 378 5204 1.
416 5155 527 5215 scriptor
544 5153 573 5202 dc
591 5154 671 5204 cussa
688 5154 829 5203 nominibus
847 5152 892 5204 Gr.
912 5155 957 5205 ici.
982 5155 1003 5203 V
1019 5159 1079 5219 679,
1099 5158 1116 5205 3
1135 5157 1167 5206 K.
1209 5155 1330 5204 ‘Flumen
1348 5157 1448 5216 generis
1466 5159 1559 5219 neutri,
1580 5164 1610 5207 ut
1622 5160 1752 5210 Ausonius
1773 5162 1898 5225 (tumulus

273 5241 309 5300 Μ)
332 5241 428 5290 ‘redite
450 5241 538 5302 (redis
553 5241 589 5304 Μ)
611 5255 710 5290 rursum
731 5239 813 5304 [ΡΜ
831 5255 893 5290 corr.
916 5241 1011 5304 Pciper)
1031 5240 1147 5292 llumim'

359 5328 393 5377 11.
431 5326 490 5376 ibid.
502 5328 562 5387 582,
575 5328 606 5375 27
618 5328 702 5389 Lepus
711 5328 811 5388 generis
823 5328 964 5389 masculini,
977 5334 1007 5378 ut
1017 5330 1146 5378 Ausonius
1161 5329 1361 5389 ‘inuestigetum
1375 5331 1434 5379 lerrl
1446 5331 1519 5380 dolus
1535 5329 1618 5391 (dvc
1626 5345 1690 5382 corr.
1702 5332 1800 5397 Haupt)
1810 5329 1896 5398 lepori'

359 5412 406 5462 ill.
432 5411 490 5461 ibid.
506 5415 565 5473 ⁶89,
579 5414 595 5459 6
608 5413 701 5460 Rumor
712 5414 814 5474 generis
826 5414 970 5476 masculini,
989 5419 1019 5462 nt
1030 5414 1159 5463 Ausonius
1174 5415 1252 5477 ‘quse
1265 5419 1350 5464 tantm
1363 5421 1467 5465 tenuere
1479 5430 1563 5466 morea
1575 5430 1675 5467 rumore
1687 5419 1736 5467 sub
1748 5419 1830 5468 omui'
1843 5418 1896 5482 (que

271 5502 379 5546 tentate
391 5499 439 5546 sub
451 5499 519 5546 omni
533 5497 582 5561 Ml,
596 5497 749 5547 desideratur
762 5498 882 5548 eiusmodi
892 5497 1050 5563 adiectionem,
1067 5513 1115 5562 quo
1128 5499 1253 5551 ‘rumore'
1265 5504 1360 5562 pencris
1368 5504 1501 5552 mmcuiiai
1511 5517 1561 5552 cese
1569 5509 1743 5567 obumtratus,
1756 5506 1836 5554 cauti
1846 5510 1895 5553 uu
