4358 6234
51 909 162 950 edilium
176 911 237 949 rete·

71 974 118 1001 m:
133 961 238 1002 leuiora-

74 1013 150 1053 nenria
164 1012 237 1061 (Med.)

87 2112 171 2153 Veneta
185 2114 235 2153 utras

157 2171 162 2210 1
170 2165 236 2214 Van),

49 3195 172 3236 Parmensis
188 3195 238 3235 troo

178 3247 238 3297 (lb-l

247 343 341 407 xxx
943 340 1172 395 rnoonnrru.

334 566 411 631 His.
441 586 524 648 quae
547 565 642 629 modo
665 564 706 629 de
730 564 896 630 codicibus
918 589 945 626 ω
969 565 1192 648 exposuimus.
1221 566 1284 629 iam
1307 565 1348 629 de
1371 564 1568 629 editionibus
1589 566 1767 642 veteribus.
1794 586 1885 648 quae

248 686 424 770 principem
459 694 590 752 secume
623 693 713 764 sunt.
751 705 857 770 panca
889 671 1080 750 adiciamus.
1128 684 1169 749 de
1197 684 1315 767 quibus
1348 705 1420 750 cunr
1452 685 1631 750 accuratius
1664 687 1885 771 disputaverit

249 806 404 891 Peipems
428 809 490 871 266
506 827 595 890 sqq,
629 826 693 870 non
721 825 828 871 meum
860 824 933 872 esse
963 805 1091 871 videtur
1119 824 1204 888 qnae
1233 804 1289 870 ille
1318 804 1360 870 de
1388 805 1440 869 his
1469 805 1560 871 libris
1581 807 1704 872 rettulit
1724 806 1785 872 hoc
1808 806 1883 873 loco

252 934 407 1011 repetere.
453 948 492 992 ac
522 927 623 1012 primo
651 927 721 992 loco
750 925 1030 991 commemoranda
1058 933 1108 989 est
1136 924 1230 990 nohis
1258 924 1357 990 editio
1386 925 1699 1005 Mediolanensis
1733 947 1818 1010 quae
1843 949 1879 993 a.

250 1065 480 1113 uccccnxnxx
501 1048 534 1112 in
557 1047 661 1112 lucem
683 1046 804 1131 prodiit
825 1046 867 1111 ab
890 1047 951 1111 lul.
976 1047 1070 1110 Aem.
1095 1045 1243 1110 Ferrario
1265 1054 1387 1110 curata.
1433 1066 1497 1128 qno
1523 1047 1558 1111 in
1580 1046 1663 1111 libro
1685 1046 1798 1112 ultimo
1821 1068 1884 1112 ca-

247 1168 320 1233 dem
349 1188 389 1233 ex
417 1167 557 1233 carmine
587 1167 627 1233 de
656 1167 789 1232 urbibus
818 1166 983 1231 nobilibus
1010 1166 1156 1247 {XVIIII¹
1185 1140 1348 1249 excerpta,
1374 1167 1512 1248 quaein
1534 1166 1680 1232 liliano.
1712 1167 1877 1250 leguntur,

246 1309 268 1353 a
289 1288 428 1372 Georgio
450 1288 591 1354 Merula.
619 1286 758 1352 Ferrarii
781 1293 1005 1370 praeceptore.
1033 1285 1066 1350 in
1088 1284 1295 1369 bybliotheca
1317 1285 1385 1349 divi
1408 1285 1615 1370 Eusmrgiin)
1641 1286 1797 1371 indagata
1823 1287 1878 1370 (cf.

246 1407 379 1492 praei).
426 1408 644 1475 memorabilis
673 1413 761 1473 certe
792 1413 842 1472 est
864 1406 984 1471 Tiliani
1007 1414 1041 1471 et
1063 1405 1269 1487 Eustorgiani
1292 1424 1485 1481 cousensus,
1518 1427 1584 1490 qua
1609 1405 1650 1473 de
1673 1427 1707 1473 re
1729 1408 1883 1492 exposuit

245 1529 399 1612 Peipcrus
422 1532 485 1592 213
501 1548 571 1611 sqq.
604 1536 713 1594 tamen
741 1548 817 1592 num
849 1526 935 1592 idern
966 1526 1008 1592 sit
1031 1525 1177 1590 Tilianus
1205 1532 1302 1607 atque
1325 1527 1577 1610 Eustorgianns‚
1611 1527 1759 1594 dubitare
1788 1528 1875 1601 licet,

247 1669 318 1714 cum
341 1649 529 1732 praesertim
552 1649 587 1713 in
609 1648 737 1713 'liliano
761 1647 900 1732 epistula
922 1646 1053 1710 XXIIII
1076 1646 1217 1728 legatur,
1243 1666 1328 1728 qnae
1351 1646 1385 1711 in
1408 1648 1461 1712 ed.
1486 1646 1720 1712 Mediolanensi
1741 1668 1805 1714 non
1827 1669 1881 1714 re-

245 1770 377 1855 peritur.
426 1789 603 1852 quaecum
627 1767 672 1832 ita
695 1768 768 1843 sint,
795 1768 904 1852 potius
926 1767 967 1833 is.
993 1766 1048 1850 qni
1071 1766 1234 1832 'liliannm
1257 1767 1414 1833 exaravit.
1440 1768 1478 1832 E.
1504 1768 1578 1846 XII,
1605 1767 1697 1833 cuius
1719 1767 1879 1853 scriptura

245 1890 278 1954 in
307 1889 447 1955 editione
468 1888 700 1954 Mediolanensi
732 1888 893 1972 conspirat
923 1906 995 1952 cum
1017 1886 1162 1953 liliano.
1196 1895 1228 1952 et
1258 1897 1412 1973 excerpta
1440 1909 1481 1953 ex
1510 1888 1652 1953 carmine
1681 1889 1723 1954 de
1744 1889 1880 1955 urbibus

245 2009 408 2074 nobilibus
437 2029 478 2074 ex
501 2009 715 2092 Eustorgiuno
744 2007 956 2091 descripsisse
985 2007 1122 2072 videtur.
1170 2006 1288 2072 deinde
1312 2008 1451 2072 breuiter
1472 2016 1652 2092 exponatur
1672 2029 1805 2075 necesse
1828 2017 1880 2075 est

250 2130 291 2195 de
314 2129 454 2195 editione
477 2130 634 2210 Veneta,
664 2149 748 2211 quae
770 2149 803 2193 a.
828 2144 1093 2193 nccccuxmvr
1116 2127 1149 2191 in
1172 2127 1276 2192 lnccm
1300 2128 1420 2192 emissa
1442 2135 1500 2205 est,
1527 2129 1569 2194 ab
1591 2129 1631 2192 H.
1658 2129 1797 2194 Avantio
1819 2129 1880 2194 ad-

245 2257 368 2316 ornata.
416 2250 449 2315 in
480 2250 574 2315 huius
598 2249 683 2314 enim
708 2249 781 2314 libri
803 2249 866 2313 tine
888 2249 1040 2331 leguntur
1061 2248 1295 2331 epigrammata
1317 2246 1428 2312 XVIII
1456 2249 1503 2329 (Α.
1530 2249 1558 2312 V
1586 2252 1718 2332 1-18),
1752 2270 1836 2332 quae
1858 2271 1881 2314 a

246 2371 420 2436 Francisco
441 2370 606 2441 Nuroisio,
640 2371 696 2453 qui
720 2369 931 2436 catharinae.
959 2368 1058 2453 Cypri
1081 2368 1230 2450 reginae.
1257 2367 1317 2433 fuit
1339 2391 1358 2432 a
1382 2369 1528 2448 seeretis,
1555 2369 1728 2434 Mediolani
1751 2377 1881 2453 reperta

246 2491 511 2557 Bartholomaeus
545 2492 669 2556 Memla
702 2511 776 2556 cnm
810 2489 949 2555 Avantio
983 2489 1283 2553 communicaverat.
1347 2488 1427 2555 haec
1462 2489 1561 2571 igitur
1593 2489 1752 2570 carmina,
1793 2509 1879 2571 qnae

245 2610 414 2676 Nuroisius
436 2617 600 2693 tamquam
624 2611 811 2675 Ausoniana
832 2610 976 2675 Merulae
999 2608 1141 2688 tradidit,
1168 2609 1248 2673 nihil
1271 2609 1315 2673 ad
1337 2609 1514 2674 Ausonium
1538 2610 1697 2694 pertinere
1719 2616 1785 2674 tarn
1807 2629 1879 2675 ccr-

245 2730 289 2795 tis
317 2730 516 2814 argumentis
544 2730 776 2796 demonstrarit
798 2729 953 2813 Peipcrus
976 2731 1039 2794 226
1055 2748 1138 2812 sqq..
1174 2736 1209 2794 ut
1236 2750 1277 2795 ne
1307 2729 1439 2794 verbum
1462 2730 1592 2812 quidem
1615 2729 1737 2796 addere
1758 2730 1874 2797 liceat:

246 2850 373 2915 novicia
396 2857 480 2932 sunt,
508 2872 604 2916 unum
632 2856 668 2932 je.
692 2855 700 2912 1
746 2849 883 2914 fortasse
907 2849 1085 2931 antiquum,
1112 2869 1152 2914 ex
1175 2850 1284 2933 lapide
1308 2851 1515 2934 descriptum.
1555 2857 1695 2915 cetemm
1710 2849 1772 2915 nisi
1789 2850 1879 2915 frans

247 2971 359 3035 subest
387 2970 528 3035 Nnrcisii
558 2971 609 3034 vel
640 2971 802 3035 Merulae.
838 2969 1043 3034 statuendum
1073 2975 1123 3033 est
1151 2969 1334 3034 Nuroisium
1366 2970 1446 3035 haec
1476 2969 1709 3054 epigrammata
1735 2991 1757 3035 a
1783 2979 1879 3054 poeta

248 3089 369 3155 recenti
400 3090 580 3174 conscripta
608 3091 640 3154 in
671 3090 780 3155 codice
803 3090 941 3173 quodum
965 3096 1037 3173 post
1059 3096 1210 3172 excerpta
1232 3109 1272 3153 ex
1295 3089 1436 3153 Ausonio
1458 3090 1639 3174 repperisse
1661 3099 1758 3174 atque
1779 3111 1821 3156 ea
1843 3112 1878 3158 re

251 3209 418 3294 deceptum
449 3231 506 3295 pro
528 3209 721 3275 Ausonianis
750 3209 915 3274 babuisse.
961 3209 1054 3274 tertio
1083 3208 1153 3274 loeo
1183 3208 1332 3274 editionis
1361 3209 1403 3274 ab
1426 3209 1580 3276 Thadaeo
1602 3210 1762 3295 Vgoleto
1785 3230 1880 3276 cura-

247 3337 316 3407 tae,
350 3351 433 3414 quae
456 3330 576 3416 prodiit
597 3332 776 3396 Parmaea
813 3347 1136 3394 nccccnxxxxvnn.
1172 3330 1362 3395 mentionem
1386 3329 1514 3395 faciam.
1561 3331 1680 3414 quoin
1703 3331 1785 3396 libro
1809 3331 1878 3415 pri-

248 3471 334 3514 mum
357 3452 445 3517 edita
467 3458 543 3517 sunt
558 3452 670 3516 Ludus
691 3457 816 3534 septem
832 3448 1012 3534 sapientum
1033 3450 1131 3532 (XXl,
1159 3450 1245 3516 Ordo
1261 3451 1383 3514 urbium
1400 3451 1553 3515 nobilium
1569 3450 1695 3534 integer
1714 3451 1874 3534 XVIIII),

247 3592 287 3636 ex
312 3570 421 3637 codice
443 3571 587 3637 Tristani
610 3570 721 3635 Chalci
748 3570 935 3654 desumpta,
970 3569 1144 3635 Periochae
1170 3569 1220 3651 qd.
1246 3571 1289 3636 Il.
1324 3590 1405 3652 quas
1434 3591 1469 3635 se
1498 3571 1540 3635 ab
1563 3571 1701 3637 Antonio
1725 3571 1878 3638 Bernerio

247 3691 414 3775 accepisse
444 3689 522 3755 dicit
553 3691 723 3773 Vgoletus,
758 3690 894 3756 Mosella
934 3689 1031 3771 fdeest
1061 3709 1173 3755 versus
1203 3690 1366 3755 ultimusi.
1401 3710 1529 3755 carmen
1557 3691 1654 3756 Antb.
1680 3692 1737 3756 lat.
1763 3693 1879 3757 2636

252 3811 302 3893 (Α.
328 3812 356 3875 V
380 3813 446 3889 34),
472 3811 510 3874 Ε.
537 3809 677 3877 XXIIII.
705 3810 889 3875 Sententiae
912 3818 1036 3894 septem
1060 3812 1241 3896 sapientum
1279 3810 1317 3874 A.
1344 3810 1444 3878 1111,
1473 3813 1523 3881 2,.
1551 3812 1753 3878 Tetrasticha
1775 3812 1879 3896 impe-

248 3938 387 3994 ratorum
417 3929 507 4011 (XXI
531 3933 560 4007 2,
594 3933 712 3995 1-52;
741 3933 778 3993 77
797 3934 902 4012 sqq.',
937 3950 1065 3995 carmen
1087 3933 1184 3996 Anth.
1211 3932 1266 3995 lat.
1293 3931 1414 4011 orob,
1445 3929 1584 4013 denique
1607 3932 1639 3995 in
1663 3930 1744 3996 libro
1766 3931 1879 3997 ultimo

249 4050 484 4134 epigrammata
499 4048 682 4131 quindecim
706 4051 752 4129 A.
770 4051 798 4113 V
818 4053 968 4131 iti—33).
1008 4051 1143 4118 Ludum,
1164 4051 1365 4134 Catalognm‚
1386 4050 1557 4115 Periochae
1574 4072 1614 4115 cx
1630 4051 1777 4116 Parisino
1792 4053 1878 4115 8500

249 4169 382 4234 fluxisse
406 4170 580 4254 scripturae
606 4189 763 4234 consensu
787 4171 972 4252 edocemur,
1007 4171 1173 4237 Mosellam
1198 4177 1230 4235 et
1252 4172 1345 4236 Caes.
1372 4178 1496 4236 tetrast.
1522 4191 1575 4235 vv.
1605 4174 1721 4251 1-52,
1750 4175 1878 4235 77-86

249 4289 420 4374 descripsit
441 4290 597 4373 Vgoletns
620 4310 660 4354 ex
683 4290 900 4356 Laurentiano
923 4292 964 4355 Ll
991 4295 1039 4361 13,
1073 4298 1197 4357 tetrast.
1223 4312 1275 4354 vv.
1303 4296 1338 4356 61
1359 4310 1430 4374 sqq.
1456 4310 1496 4356 ex
1519 4292 1601 4356 libro
1624 4291 1768 4356 Parisino
1792 4293 1876 4356 4887

249 4410 424 4489 simillimo,
452 4410 635 4476 Sententias
659 4418 782 4494 septem
798 4412 978 4495 sapientum
996 4432 1036 4477 ex
1053 4411 1269 4476 Laurentiano
1284 4411 1443 4476 XXXVH
1459 4415 1510 4477 25,
1537 4412 1675 4495 denique
1691 4412 1729 4476 Ε.
1747 4411 1879 4477 XXIIII

248 4551 288 4596 cx
312 4530 527 4596 Laurentiano
549 4530 662 4594 XXIII
686 4534 738 4594 26.
785 4531 1018 4614 epigrammata
1039 4532 1112 4597 illa.
1145 4551 1279 4614 quorum
1303 4538 1426 4615 septem
1455 4535 1600 4613 ι’16-25)
1629 4531 1879 4616 ebybliotheca

248 4651 380 4734 Georgii
403 4650 614 4716 Alexandrini
644 4670 814 4716 emanasse
843 4650 985 4735 dicitu.
1021 4652 1063 4716 ab
1086 4651 1227 4716 Ausonio
1256 4652 1364 4716 aliena
1393 4671 1465 4716 esse
1495 4652 1591 4717 evicit
1616 4652 1773 4736 Peipcrus
1795 4650 1819 4715 l.
1846 4672 1874 4716 c.

248 4772 307 4837 sed
331 4771 358 4837 si
381 4771 421 4836 de
437 4771 577 4835 Murcisii
601 4770 652 4835 vel
670 4772 707 4834 B.
726 4771 870 4837 Merulae
893 4770 1007 4837 fraude
1029 4772 1134 4837 adhuc
1157 4772 1308 4856 suspicio,
1337 4772 1369 4837 in
1385 4773 1518 4853 Vgoleto
1542 4773 1606 4836 iam
1629 4780 1790 4838 certares
1813 4780 1874 4838 est.

248 4891 365 4957 etenim
397 4911 458 4956 non
488 4890 648 4955 dubitavit
676 4890 731 4955 ille
760 4891 994 4974 epigrammata
1023 4891 1120 4957 Antb.
1153 4892 1209 4956 lat.
1237 4894 1297 4955 263
1325 4899 1357 4956 et
1380 4895 1441 4954 679
1471 4893 1514 4956 ad
1537 4864 1712 4957 Ausonium
1743 4893 1873 4973 referre,

248 5011 307 5076 etsi
338 5012 473 5077 alterum
505 5010 595 5075 nulla
618 5030 764 5094 prorsus,
798 5011 934 5075 altemm
957 5032 998 5076 ea
1019 5019 1141 5077 tantum
1165 5011 1286 5076 ratione
1310 5011 1512 5075 coniunctum
1535 5021 1604 5078 erat
1627 5033 1698 5078 cum
1721 5012 1873 5089 Ausonio,

247 5133 333 5215 quod
356 5132 511 5215 Vgoletus
543 5151 615 5196 eum
645 5150 773 5195 carmon
803 5131 844 5197 de
867 5138 1018 5214 quattuor
1039 5132 1113 5196 anni
1137 5132 1334 5216 temporibus
1357 5133 1584 5216 conscripsisse
1607 5133 1746 5211 sciebat3
1779 5133 1878 5198 simili

248 5251 342 5316 modo
371 5251 553 5318 Sententiae
582 5258 705 5336 septem
735 5252 915 5335 sapientum
944 5252 994 5334 (Α.
1019 5251 1068 5315 III
1096 5254 1121 5333 t)
1155 5250 1246 5315 nulla
1274 5251 1340 5314 alia
1369 5251 1409 5316 de
1436 5271 1535 5317 cansa
1558 5253 1700 5317 Ausonio
1722 5253 1879 5320 adtribuit

338 5544 378 5604 16)
397 5560 462 5606 quse
480 5549 530 5595 tuit
547 5547 682 5596 Mediolani
701 5550 727 5596 tn
747 5550 851 5597 tranum
870 5549 1089 5597 Domlnlcauomm
1108 5548 1268 5596 monasterio.

338 5630 377 5693 li)
399 5632 479 5693 ‘qnae
497 5632 650 5682 teruntur
667 5647 796 5682 emanasse
813 5650 828 5683 o
846 5635 997 5683 blbllothcca
1016 5635 1045 5684 G.
1067 5634 1256 5683 Alexandrint'.
