4358 6234
819 331 1020 386 EPlCEDION
1039 331 1076 385 IN
1097 330 1251 385 PATREM
1272 332 1339 395 lxi).

1065 606 1097 671 2.

602 779 728 844 Nomen
751 798 812 861 ego
835 778 1015 859 Ausonius,
1042 799 1106 844 non
1129 779 1260 844 ultimus
1283 786 1352 845 arte
1375 779 1525 845 medendi
1676 799 1725 848 :na
1748 800 1839 861 (scyri.
1860 801 1894 861 ιι)

689 888 736 962 et,
764 901 837 946 mea
859 881 887 946 si
909 901 1023 947 nosses
1045 889 1206 966 tempora,
1235 882 1356 966 primus
1379 903 1478 948 eram.
1830 887 1892 948 (l'w)

602 983 726 1049 vicinas
749 984 844 1049 urbes
868 985 951 1049 colui
973 984 1142 1070 patriaque
1166 984 1341 1067 domoque,

688 1087 825 1153 Vasates
847 1088 970 1173 patria,
998 1089 1056 1154 sed
1079 1089 1147 1153 lare
1170 1088 1392 1172 Burdigalam.

602 1189 692 1255 curia
715 1211 766 1256 me
789 1190 911 1275 duplex
935 1199 967 1256 et
984 1201 1123 1275 ,uterquc
1146 1197 1277 1257 senatus
1300 1190 1441 1257 habebat

688 1293 829 1360 muneris
852 1301 1026 1376 exsortem,
1053 1294 1182 1360 nomine
1204 1294 1405 1379 participem.

602 1418 664 1463 non
687 1397 824 1482 opulens
847 1418 907 1464 nec
929 1418 1047 1481 egens,
1074 1418 1191 1483 parcus
1214 1399 1284 1463 sine
1307 1398 1455 1464 sordibus
1479 1397 1546 1481 egi:

688 1500 806 1566 victum
830 1501 973 1567 habitum
997 1522 1102 1568 mores
1125 1523 1253 1587 semper
1275 1502 1388 1568 cadem
1411 1500 1521 1567 habui.

603 1624 749 1670 sermone
772 1605 971 1690 inpromptus
995 1606 1104 1687 Latio,
1131 1626 1242 1671 verum
1264 1605 1372 1671 Attica
1393 1605 1506 1688 lingua

689 1708 817 1774 suffecit
838 1708 916 1774 culti
940 1709 1072 1774 vocibus
1095 1709 1226 1793 eloquii.

602 1812 704 1897 optuli
727 1833 819 1897 opem
842 1812 967 1877 cunctis
988 1813 1195 1897 poscentibus
1217 1813 1295 1878 artis
1318 1812 1480 1897 inemptae

689 1913 894 1996 ciliciumque
917 1935 1023 1980 meum
1047 1936 1118 1981 cum
1141 1915 1261 1999 pietate
1284 1915 1355 1980 fuit.

603 2016 756 2084 iudicium
779 2016 820 2083 de
843 2038 894 2082 me
918 2018 1026 2083 studui
1050 2025 1216 2103 praestare
1238 2019 1409 2084 bonorum:

688 2121 758 2206 ipse
781 2121 858 2186 mihi
881 2142 1071 2205 numquam,
1099 2122 1206 2187 iudice
1229 2142 1298 2200 me,
1325 2121 1443 2207 placui.

603 2225 709 2290 officia
731 2225 764 2290 in
786 2225 903 2290 multos
926 2225 1054 2290 diverso
1077 2225 1187 2291 debita
1209 2226 1295 2291 cultu

688 2327 836 2414 personis
858 2329 981 2394 meritis
1004 2336 1146 2413 tempore
1170 2329 1329 2394 distribui.

602 2431 711 2497 litibus
734 2432 892 2497 abstinui:
919 2453 982 2497 non
1005 2433 1099 2511 auxi,
1127 2453 1189 2497 nou
1213 2432 1313 2498 minui
1336 2452 1420 2497 rem:

689 2534 795 2600 indice
818 2555 869 2600 me
892 2535 1019 2617 nullus,
1046 2542 1096 2600 set
1118 2555 1222 2618 neque
1244 2542 1327 2601 teste
1350 2535 1441 2620 perit.

602 2636 703 2703 invidi
726 2659 917 2721 numquam:
944 2659 1061 2723 cupere
1084 2646 1180 2721 atque
1203 2639 1325 2704 ambire
1348 2639 1471 2722 refugi:

687 2741 795 2806 iurare
817 2748 873 2806 aut
895 2741 1013 2805 falsum
1037 2741 1145 2807 dicere
1169 2762 1228 2824 par
1250 2741 1359 2807 habui.

604 2844 702 2910 factio
726 2864 777 2909 me
800 2843 862 2909 sibi
884 2864 965 2924 non,
992 2864 1055 2909 non
1078 2845 1254 2910 coniuratio
1276 2845 1399 2911 iunxit:

690 2948 813 3013 sincero
836 2947 920 3012 colui
942 2947 1072 3014 foedere
1095 2949 1265 3014 amicitias.

604 3050 731 3117 felicem
754 3051 851 3131 scivi,
879 3071 942 3115 non
964 3052 1020 3134 qui
1043 3051 1128 3134 quod
1152 3053 1249 3118 vellet
1271 3052 1420 3130 haberet,

690 3162 741 3220 set
762 3155 815 3238 qui
839 3175 896 3239 per
919 3154 1020 3219 fatum
1044 3175 1107 3220 non
1130 3155 1206 3222 data
1228 3177 1291 3221 non
1314 3164 1455 3241 cuperet.

604 3279 668 3324 non
690 3264 887 3340 occursator,
915 3278 977 3323 non
1000 3259 1166 3341 garrulus,
1194 3259 1291 3325 obvia
1313 3280 1463 3335 comens,

690 3349 795 3426 valvis
817 3368 849 3427 et
871 3361 944 3426 velo
967 3362 1094 3427 condita
1116 3384 1179 3428 non
1201 3363 1279 3429 adii.

604 3464 740 3545 samam,
767 3485 850 3547 quae
874 3473 985 3549 posset
1008 3466 1105 3531 vitam
1129 3467 1270 3532 lacerare
1293 3467 1465 3549 bonorum,

690 3589 751 3634 non
775 3568 920 3649 tinniet,
949 3589 1056 3634 veram
1081 3569 1108 3634 si
1132 3570 1283 3650 seierum,
1311 3571 1407 3635 tacui.

603 3671 653 3736 ira
675 3672 802 3757 procul,
830 3690 905 3756 spes
928 3693 1013 3737 vana
1035 3673 1162 3757 procul,
1191 3675 1303 3758 procul
1325 3675 1424 3739 anxia
1447 3694 1523 3740 eura

689 3775 788 3857 inque
810 3775 903 3840 bonis
926 3775 1088 3840 bominum
1111 3776 1230 3858 gaudia
1254 3776 1339 3841 falsa
1361 3778 1482 3862 procul.

604 3878 696 3943 vitati
720 3884 829 3944 coetus
851 3878 1028 3962 eiuratique
1050 3880 1206 3944 tumultus

690 3990 723 4048 et
744 4002 872 4067 semper
894 3981 987 4047 fictae
1012 3983 1190 4068 principum
1214 3984 1385 4049 amicitiae.

604 4085 779 4170 deliquisse
803 4084 882 4150 nibil
905 4104 1079 4167 numquam
1103 4086 1231 4152 laudem
1255 4108 1327 4152 esse
1351 4087 1462 4171 putavi

690 4198 786 4272 atque
809 4189 910 4254 bonos
933 4209 1038 4254 mores
1061 4190 1188 4273 legibus
1211 4191 1358 4256 antetuli.

603 4293 700 4359 irasci
723 4302 887 4377 promptus
910 4293 1078 4377 properavi
1102 4293 1238 4359 condere
1262 4298 1380 4360 drotum

690 4403 786 4479 atque
810 4395 888 4459 mihi
910 4416 1033 4479 poenas
1056 4416 1113 4480 pro
1137 4396 1268 4462 levitate
1292 4397 1378 4462 dedi.

355 4637 385 4691 2.
422 4642 454 4690 32
473 4642 532 4692 lior.
553 4642 635 4690 Germ.
655 4642 678 4687 ll
699 4640 721 4697 1,
742 4641 758 4689 4
776 4653 912 4702 grauesque
930 4641 1072 4702 principum
1092 4642 1214 4688 amicitias
1319 4641 1351 4690 34
1373 4643 1430 4690 llor.
1452 4644 1531 4693 Carnu.
1554 4644 1589 4689 lll
1611 4641 1652 4703 24,
1674 4640 1706 4688 35

271 4780 398 4787 ....—-
409 4782 484 4787 -—

355 4860 385 4914 2.
421 4867 516 4927 Incipit
539 4866 667 4926 epicedion
694 4866 719 4912 in
743 4870 838 4927 patrem
857 4863 887 4926 l,
913 4865 1005 4925 incipit
1030 4864 1170 4925 epicedion.
1200 4866 1329 4912 Ausonius
1349 4866 1489 4913 lAusonlus
1507 4879 1555 4913 orn.
1581 4865 1606 4924 dl
1629 4866 1655 4912 ln
1681 4871 1775 4927 patrem
1793 4864 1823 4910 de
1843 4865 1896 4909 uita

269 4966 315 4999 sua
337 4950 388 5012 ΤΕ,
410 4951 447 4998 lie
466 4952 521 4999 uite
539 4965 585 4999 sun
603 4957 629 4999 et
647 4951 791 5000 conditione
810 4966 869 4997 arou
1012 4949 1020 4998 l
1044 4951 1149 4998 Nomine
1172 4948 1257 5013 l'en.⁴;
1279 4951 1313 5011 rs.
1340 4953 1406 5013 Very.
1429 4955 1490 5000 Aen.
1517 4953 1557 4997 111
1573 4955 1623 4998 ltu
1753 4950 1855 4996 intimus
1876 4949 1896 4992 'i'

270 5036 326 5085 tat
344 5039 445 5099 quoeris
466 5038 486 5083 Τ
602 5036 748 5086 inassates
770 5035 805 5087 ul
910 5054 934 5085 e.
955 5042 971 5084 b
990 5041 1080 5087 ‹mted
1105 5037 1182 5084 Vaed
1199 5039 1317 5085 mendum
1335 5042 1409 5099 ripula
1430 5038 1471 5103 'i':'·
1491 5044 1513 5086 et
1534 5035 1562 5103 “s
1582 5051 1643 5087 corr.
1751 5037 1766 5081 lt
1785 5040 1895 5082 errantem

274 5121 335 5187 ΤχΕ
445 5119 596 5189 iopuleus]
613 5123 723 5186 locuples
741 5124 784 5188 χΕ
799 5129 821 5172 et
839 5122 866 5170 ιθ
887 5127 922 5186 lia
939 5139 987 5183 my.
1009 5124 1124 5184 opulens)
1240 5125 1280 5184 egl
1306 5122 1388 5186 V(m²
1407 5128 1432 5171 ln
1450 5127 1512 5185 rare.)
1634 5103 1783 5183 airrprdtus
1800 5121 1825 5180 l,
1847 5122 1895 5167 inr-

269 5195 389 5269 pronitus
410 5208 435 5268 Τ,
457 5211 623 5271 impromptus
641 5215 684 5259 cet.
809 5212 887 5258 octies
909 5210 930 5255 Τ
1060 5208 1086 5256 11
1108 5212 1187 5271 optuli
1212 5211 1271 5269 Vlli,
1292 5212 1371 5258 obtuli
1390 5216 1434 5259 cet.
1559 5193 1646 5271 inepte
1669 5210 1689 5255 l'
1707 5210 1731 5267 l:
1750 5212 1834 5260 ema).
1856 5208 1896 5252 in·

271 5300 342 5355 uptae
360 5311 391 5356 ω,
412 5296 539 5357 inemptae
561 5296 582 5342 Ε
703 5296 803 5345 13-16
821 5311 868 5345 orn.
890 5312 911 5344 ω
1037 5295 1067 5344 18
1086 5303 1125 5343 set
1147 5298 1168 5352 ld
1188 5294 1234 5357 mi}
1254 5312 1269 5358 q
1291 5298 1371 5356 (eurr.)
1394 5312 1476 5358 neque
1499 5297 1519 5344 l'
1631 5296 1673 5343 sed
1694 5311 1714 5342 ω
1831 5298 1896 5339 teste

270 5381 320 5429 init
340 5381 361 5428 Τ
493 5381 593 5430 19-26
611 5396 660 5430 οιιι.
681 5398 702 5431 ω
833 5382 962 5444 illudque
986 5382 1043 5440 Vlt
1060 5378 1103 5441 ml]
1236 5381 1265 5430 21
1288 5367 1492 5430 udnoncliiuratio
1516 5384 1536 5429 V
1554 5386 1578 5441 l:
1596 5388 1618 5428 et
1638 5384 1717 5428 norico
1734 5376 1772 5426 m2
1789 5381 1816 5426 in
1833 5388 1892 5437 rung

271 5464 304 5515 ²4
322 5472 362 5515 set
384 5468 446 5528 Vld
466 5464 524 5529 27¹²),
544 5469 587 5516 sed
607 5483 629 5516 ω
769 5468 802 5517 26
820 5469 851 5516 ed
875 5470 893 5514 l'
912 5474 931 5522 (t
948 5465 992 5526 m2)
1135 5468 1309 5516 terremotu
1330 5470 1427 5516 scierim
1451 5469 1470 5515 l'
1485 5472 1565 5528 colpe,
1586 5482 1645 5515 nera
1663 5468 1686 5515 si
1705 5481 1754 5529 qua
1771 5467 1821 5512 luit
1839 5479 1860 5512 ω

269 5553 373 5602 wicram
390 5567 434 5614 apo
548 5552 649 5609 29r34
667 5569 715 5602 om.
736 5572 758 5603 ω
873 5555 905 5603 aa
925 5544 988 5601 u‘nu
1013 5555 1030 5597 l'
1050 5556 1072 5613 (u
1088 5569 1128 5615 pr.
1147 5552 1185 5600 111‘2
1201 5554 1221 5611 l]
1330 5553 1358 5602 31
1381 5555 1471 5601 ruituri*
1495 5555 1514 5600 l'
1618 5554 1649 5602 :tt
1669 5554 1751 5614 mique
1774 5552 1793 5594 l'
1812 5556 1829 5596 {l
1848 5548 1893 5607 ²¹1²)

271 5635 305 5686 35
321 5643 345 5686 et
363 5637 395 5687 36
413 5655 463 5688 om.
488 5639 509 5684 l'

348 5738 473 5782 Avwnrvs.
1674 5746 1689 5793 5
