4358 6234
813 332 1041 394 GRATIARVM
1059 335 1171 392 ACTIO
1198 336 1298 401 rvnu.
1824 336 1866 399 25

240 528 385 615 pontifex
406 526 567 594 maximus
591 527 652 595 deo
675 526 885 612 participatus
909 525 1062 591 habuisti.
1110 528 1162 589 43.
1187 546 1251 590 non
1274 532 1323 591 est
1345 525 1466 608 ingenii
1489 524 1570 604 mei,
1597 524 1741 610 piissime
1763 524 1866 609 impe-

240 640 344 712 rator,
370 631 451 697 talia
472 629 680 697 comminisci.
728 629 828 694 verba
850 636 924 694 sunt
946 629 1123 694 litterarum
1146 635 1289 710 tuarum,
1323 628 1439 710 quibus
1462 629 1550 712 apud
1571 648 1622 693 mc
1645 627 1866 693 auctoritatem

242 734 360 801 summi
381 733 522 799 numinis
545 741 578 799 et
598 739 673 798 tuae
695 731 871 797 voluntatis
894 730 1084 815 amplificas.
1133 731 1179 796 sic
1201 731 1286 796 enim
1310 731 1468 815 loqueris:
1505 734 1596 796 ‘cum
1619 730 1660 796 de
1683 730 1868 796 consulibus

242 839 277 904 in
291 859 409 905 annum
426 837 576 904 creandis
590 838 679 902 solus
694 855 818 901 mecum
834 836 1022 915 volutarem,
1051 842 1085 900 ιιι
1101 854 1152 900 me
1168 836 1262 917 nosti,
1293 837 1411 918 [atque]
1432 842 1466 899 ut
1481 835 1587 900 facere
1604 834 1713 913 debui,
1733 841 1768 899 ut
1782 834 1867 899 velle

192 960 223 1002 ιι
242 947 275 1007 te
296 941 386 1023 scivi,
411 940 579 1007 consilium
603 960 709 1006 meum
731 938 775 1004 ad
797 938 894 1004 deum
915 937 1035 1003 rettuli.
1080 937 1151 1003 eius
1174 936 1357 1003 auctoritati
1379 938 1548 1004 obsecutus
1571 946 1602 1003 te
1623 938 1786 1003 consulem
1810 936 1868 1001 de-

243 1043 370 1128 signavi
392 1049 425 1109 et
446 1043 611 1110 declaravi
635 1048 667 1109 ct
689 1041 827 1126 priorem
850 1040 1063 1124 nuncupavi‘.
1111 1045 1170 1106 44.
1199 1041 1289 1105 cuius
1312 1040 1464 1106 orationis
1486 1041 1562 1106 ordo
1585 1041 1742 1107 lucidiori
1786 1059 1870 1121 quae

242 1145 387 1213 doctrina
413 1152 480 1211 tam
510 1145 651 1229 diligens
681 1144 818 1230 propriis
848 1144 1045 1209 comitiorum
1066 1144 1184 1209 verbis
1214 1143 1301 1227 loqui
1329 1165 1390 1209 nec
1416 1144 1582 1210 vocabulis
1617 1144 1714 1209 moris
1747 1141 1870 1225 antiqui

243 1250 374 1316 nomina
394 1248 565 1334 peregrina
586 1248 745 1314 miscere?
788 1248 894 1313 valete
925 1247 1019 1312 modo
1052 1248 1173 1313 classes
1204 1247 1315 1332 populi
1341 1255 1373 1313 et
1396 1248 1589 1313 urbanarum
1611 1247 1750 1312 tribuum
1774 1265 1870 1329 prae-

244 1352 409 1438 rogativae
440 1359 472 1419 et
500 1351 664 1418 centuriae
692 1352 761 1416 iure
790 1357 935 1416 vocatae.
990 1371 1074 1433 quae
1105 1350 1233 1416 comitia
1262 1351 1406 1435 pleniora
1436 1371 1585 1434 umquam
1616 1350 1745 1416 fuerunt
1773 1369 1869 1432 quam

109 1486 113 1493 ·
194 1475 227 1516 ro
244 1455 361 1539 quibua
383 1453 542 1540 praestitit
564 1454 645 1521 deus
668 1452 847 1535 consilium,
873 1453 1048 1538 imperator
1070 1453 1281 1535 obsequium?
1555 1442 1561 1452 '

331 1557 375 1622 X.
400 1563 454 1621 45.
478 1557 520 1622 at
533 1576 618 1622 nunc
633 1576 702 1640 ego,
730 1552 874 1640 piissime
889 1556 1074 1640 imperator,
1100 1576 1141 1621 ne
1158 1556 1322 1638 fastigium
1345 1556 1495 1622 auditorii
1518 1558 1600 1623 sacri
1623 1557 1777 1623 dictorum
1799 1561 1872 1620 tno-

246 1682 316 1727 rum
339 1660 471 1726 timidus
494 1660 651 1745 interpres
674 1660 856 1740 offendam,
889 1659 1066 1725 divinitatis
1094 1667 1167 1725 tuae
1190 1680 1290 1744 prope
1313 1679 1384 1724 cum
1407 1660 1534 1745 piaculo
1557 1660 1656 1725 verba
1677 1666 1869 1725 transcurro.

246 1767 300 1829 46.
330 1762 482 1830 ‘cumde
504 1763 716 1843 oonsulibus',
743 1762 861 1845 inquis,
892 1762 943 1828 ‘in
957 1783 1077 1829 annum
1093 1762 1272 1828 creandis':
1300 1763 1425 1828 erudita
1448 1785 1510 1828 vox
1533 1771 1565 1829 et
1587 1784 1663 1830 cura
1685 1761 1867 1827 sollemnis!

250 1866 388 1953 ‘<solus>
411 1886 536 1934 mecum
551 1867 761 1932 volutarem':
790 1887 808 1930 o
824 1866 974 1950 profundi
990 1867 1127 1932 altitudo
1143 1866 1276 1932 secreti!
1304 1866 1405 1931 habes
1420 1887 1497 1949 ergo
1512 1867 1747 1932 consiliatorem
1764 1871 1796 1930 et
1809 1883 1874 1928 non

214 1992 228 2031 ι
247 1970 364 2036 metuis
379 1969 584 2055 proditorem.
622 1972 675 2035 ‘ut
689 1989 740 2034 me
756 1969 874 2034 nosti':
893 1968 969 2052 quid
986 1969 1202 2034 familiarius?
1222 1973 1274 2034 ‘ut
1288 1969 1395 2035 facere
1410 1968 1542 2034 debni':
1558 1952 1637 2052 quid
1654 1967 1875 2034 constantius?

251 2077 304 2140 ‘nt
320 2074 406 2139 velle
421 2080 453 2139 te
468 2073 578 2138 acivi':
623 2076 674 2136 47.
702 2071 779 2154 quid
794 2071 858 2137 dici
872 2072 1025 2138 blandius
1040 2079 1166 2157 potest?
1193 2073 1376 2138 ‘consilium
1392 2093 1498 2138 meum
1514 2073 1556 2137 ad
1572 2073 1667 2138 deum
1683 2070 1824 2137 rettuli’:
1842 2076 1875 2134 et

248 2175 517 2259 quemadmodum
540 2177 647 2253 solus,
675 2176 727 2242 cui
749 2182 877 2260 praesto
900 2183 949 2241 est
970 2183 1036 2241 tam
1060 2175 1182 2260 grande
1209 2175 1400 2242 consilium?
1436 2198 1478 2242 an
1501 2176 1630 2262 plenius
1652 2195 1723 2240 cum
1747 2180 1871 2255 senatu,

249 2301 321 2347 cum
343 2280 485 2363 equestri
508 2279 636 2362 ordine,
663 2299 734 2345 cum
757 2280 851 2363 plebe
867 2281 1029 2359 Romana,
1057 2300 1128 2344 cum
1152 2280 1294 2344 exercitu
1316 2285 1370 2344 tuo
1400 2288 1432 2345 ct
1453 2280 1625 2365 provinciis
1647 2278 1794 2345 omnibus
1817 2277 1876 2341 de-

249 2383 446 2450 liberasses?
473 2382 658 2448 ‘consilium
674 2404 779 2449 meum
796 2382 838 2448 ad
854 2382 950 2448 deum
965 2383 1110 2449 rettuli':
1143 2386 1197 2447 48.
1222 2404 1285 2447 non
1302 2390 1344 2463 ut,
1372 2384 1477 2466 credo,
1504 2405 1621 2452 novum
1637 2401 1790 2461 sumeres,
1818 2379 1876 2445 sed

201 2507 231 2547 ιι
252 2494 288 2553 ιιι
302 2486 444 2553 sanctius
458 2485 559 2569 fieret,
585 2487 670 2569 quod
686 2487 830 2553 volebas.
875 2486 959 2551 ‘eius
975 2486 1155 2552 auctoritati
1172 2486 1375 2552 obsecutus’:
1402 2488 1534 2570 seilicet,
1562 2495 1596 2553 ut
1614 2487 1648 2552 in
1664 2481 1880 2552 consecrando

253 2597 357 2674 patre,
383 2589 416 2654 in
439 2589 622 2655 ulciscendo
645 2599 768 2674 patruo,
795 2589 828 2654 in
851 2589 1029 2674 cooptando
1052 2589 1149 2655 fratre
1172 2589 1288 2655 fecisti.
1335 2594 1387 2654 49.
1418 2594 1467 2656 ‘te
1483 2591 1646 2656 consulem
1663 2586 1831 2670 designavi
1848 2592 1881 2650 et

252 2691 416 2759 declaravi
439 2699 472 2758 et
493 2693 629 2778 priorem
653 2692 869 2777 nuncupavi’:
895 2693 967 2775 quis
989 2692 1071 2757 baec
1092 2692 1192 2758 verba
1213 2700 1245 2758 te
1269 2693 1398 2758 docuit?
1435 2715 1496 2777 ego
1519 2703 1584 2760 tam
1607 2692 1737 2778 propria
1760 2696 1879 2755 ettam

254 2794 358 2861 latina
380 2794 513 2861 nescivi.
564 2794 754 2879 ‘designavi
777 2801 809 2860 et
831 2794 995 2860 declaravi
1011 2802 1044 2860 et
1059 2796 1276 2879 nuncupavi':
1303 2817 1366 2861 non
1382 2796 1417 2861 fit
1431 2796 1491 2862 boc
1505 2804 1636 2875 temere,
1662 2794 1760 2860 babet
1774 2811 1881 2858 moras

254 2916 331 2965 suas
353 2898 528 2984 dispertitis
550 2898 705 2982 gradibus
728 2904 794 2962 tam
816 2905 943 2963 matura
965 2898 1135 2963 cunctatio.
1185 2903 1237 2963 50.
1263 2898 1323 2963 bas
1347 2918 1407 2982 ego
1430 2900 1554 2965 litteras
1576 2905 1649 2963 tuas
1672 2897 1700 2962 si
1721 2897 1755 2961 in
1778 2894 1881 2960 omni-

203 3002 314 3068 rubus
336 3002 411 3086 pilis
433 3008 529 3084 atque
552 3002 743 3086 porticibus,
777 3001 864 3066 unde
887 3000 928 3066 de
951 3001 1048 3085 plano
1072 3001 1137 3083 legi
1164 3003 1305 3085 possint,
1337 3001 1440 3067 instar
1462 3002 1557 3068 edicti
1580 3003 1722 3086 pendere
1745 2999 1880 3064 manda-

254 3125 340 3186 vero,
366 3124 470 3170 nonnc
492 3112 539 3170 tot
561 3105 677 3170 statuis
699 3101 888 3185 honorabor,
915 3112 991 3188 quot
1014 3104 1133 3170 fuerint
1155 3106 1294 3189 paginae
1318 3106 1521 3172 libellorum?

343 3208 403 3273 XI.
430 3212 482 3271 51.
508 3207 574 3272 Sed
596 3207 639 3272 ad
661 3207 831 3273 blandiora
853 3207 984 3272 festino.
1025 3208 1065 3272 ab
1090 3208 1150 3273 bac
1172 3208 1258 3274 eninr
1282 3209 1459 3274 litterarum
1482 3209 1524 3273 ad
1548 3229 1598 3274 mc
1621 3208 1768 3273 datarum
1792 3211 1881 3290 parte

255 3310 430 3394 digressus,
450 3322 495 3376 'eo
517 3330 643 3393 quoque
667 3309 872 3391 descendisti,
901 3318 936 3376 ut
958 3330 1140 3394 quaereres,
1167 3312 1272 3393 qualis
1295 3312 1337 3377 ad
1360 3332 1411 3377 me
1433 3312 1545 3377 trabea
1560 3311 1748 3376 mitteretur.
1789 3327 1882 3374 omne

256 3414 461 3497 largitionum
491 3420 617 3480 tuarum
648 3413 860 3480 ministerium
891 3413 1109 3479 sollicitudine
1140 3414 1296 3498 fatigasti.
1351 3435 1413 3479 non
1444 3434 1521 3496 ergo
1554 3434 1650 3498 supra
1681 3412 1881 3477 consulatum

257 3515 335 3580 mihi
357 3523 408 3581 est
428 3516 574 3583 adbibita
596 3538 654 3602 per
676 3525 707 3583 te
730 3524 895 3584 curatam
919 3516 1079 3600 diligens,
1106 3538 1236 3603 prome
1260 3524 1423 3584 curatam
1448 3518 1549 3584 felix?
1585 3517 1618 3581 in
1641 3515 1771 3600 Illyrico
1794 3532 1883 3578 arura

225 3618 462 3702 aquatiuntur:
508 3624 560 3685 52.
587 3630 621 3687 ιι
644 3642 718 3688 mea
741 3642 838 3688 causa
859 3641 917 3707 per
933 3620 1059 3685 Gallias
1083 3621 1224 3686 civilium
1248 3622 1396 3688 docorum
1418 3600 1607 3687 indumenta
1629 3619 1808 3703 dispensas,
1836 3617 1884 3681 lo-

258 3721 377 3787 ricatus
400 3723 442 3789 de
463 3733 540 3803 toga
562 3743 635 3788 mea
656 3731 785 3805 tractas,
813 3725 845 3790 in
867 3724 1031 3809 procinctu
1054 3731 1087 3789 et
1109 3744 1180 3789 cum
1204 3726 1344 3790 maxime
1367 3725 1576 3790 dimicaturus
1598 3724 1761 3807 palmatae
1783 3720 1884 3785 vestis

258 3844 350 3891 meae
372 3832 561 3890 ornamenta
582 3825 741 3911 disponis:
776 3827 911 3894 feliciter
933 3835 966 3893 et
989 3827 1071 3892 bono
1094 3829 1211 3892 omine.
1259 3848 1397 3912 namque
1428 3829 1488 3894 iste
1517 3827 1645 3893 babitus
1677 3834 1713 3890 ut
1741 3825 1774 3889 in
1805 3842 1884 3908 pace

259 3927 399 3993 consulis
422 3935 483 4008 est,
509 3928 556 3993 sic
578 3928 611 3992 in
633 3929 767 3995 victoria
781 3929 1019 4014 triumphantis.
1067 3951 1180 4014 parum
1203 3937 1262 4010 est,
1291 3931 1318 3995 si
1341 3931 1448 4013 qualis
1471 3932 1513 3997 ad
1535 3951 1585 3996 me
1607 3930 1719 3996 trabea
1742 3927 1886 3991 mittatur

260 4031 456 4114 interroges:
482 4038 514 4097 te
537 4052 644 4097 coram
660 4032 763 4115 promi
779 4032 880 4098 iubes.
928 4037 981 4097 53.
1008 4053 1069 4099 nec
1084 4034 1163 4099 satis
1179 4035 1290 4117 babes,
1318 4042 1353 4099 ιιι
1368 4035 1571 4117 largitionum
1588 4031 1725 4098 ministri
1741 4051 1782 4096 ex
1798 4049 1885 4094 more

160 4150 165 4157 ·
211 4133 453 4217 coiungantur:
481 4133 576 4217 eligis
599 4134 670 4217 ipse
693 4134 734 4199 de
757 4135 866 4200 multis
889 4143 929 4215 et,
957 4158 1030 4202 cum
1055 4138 1211 4220 elegeris,
1246 4158 1379 4203 munera
1401 4145 1456 4203 tua
1478 4139 1644 4203 verborum
1668 4136 1787 4200 bonore
1811 4153 1886 4218 pro-

262 4238 416 4320 sequeris.
467 4238 684 4321 ‘palmatam',
710 4237 831 4321 inquio,
863 4237 937 4303 ‘tibi
960 4240 1051 4320 misi,
1078 4240 1111 4304 in
1134 4261 1198 4324 qua
1220 4241 1315 4306 divus
1338 4241 1543 4306 Constantius
1567 4258 1684 4325 parens
1706 4244 1814 4301 niuster
1835 4237 1886 4299 in-

263 4346 368 4405 textus
391 4342 467 4406 est’.
507 4359 558 4405 me
581 4339 721 4423 beatum,
749 4340 840 4406 cuius
862 4340 1043 4424 insignibus
1066 4342 1142 4408 talis
1166 4363 1242 4408 cura
1264 4351 1459 4428 praestatur.
1500 4343 1579 4409 baec
1601 4343 1706 4427 plane,
1735 4340 1815 4404 baec
1837 4344 1888 4403 est

352 4615 384 4666 ¹2
402 4632 422 4689 q
439 4618 506 4680 apud
528 4619 548 4665 Τ
661 4617 691 4668 13
710 4623 736 4666 et
754 4624 784 4666 ut
802 4624 860 4668 tuse
879 4616 906 4666 b‘l
927 4621 963 4679 (ut
981 4621 1039 4681 del.)
1062 4621 1105 4680 cll,
1127 4626 1153 4669 et
1173 4623 1224 4668 vim
1243 4627 1302 4668 tuae
1324 4621 1378 4668 Tott
1396 4621 1467 4681 oolqo
1580 4621 1609 4669 14
1628 4621 1742 4668 creandis
1760 4632 1808 4666 om.
1832 4617 1852 4662 Τ

262 4707 337 4765 atque
356 4704 404 4754 del.
428 4704 483 4752 Toll
587 4710 612 4753 et
629 4706 696 4753 uelle
718 4702 820 4766 adopt,
841 4710 871 4754 ut
888 4706 954 4753 uelle
972 4704 999 4752 b2
1019 4707 1054 4767 (in
1071 4723 1121 4767 my.
1143 4708 1167 4755 nl
1186 4709 1221 4768 et}
1241 4712 1285 4758 cet.
1408 4706 1437 4755 15
1457 4703 1545 4772 deum]
1563 4707 1690 4755 domiuum
1712 4706 1732 4751 1·
1836 4709 1887 4750 ret·

263 4790 313 4838 tull
331 4787 376 4852 tol,
398 4791 474 4839 retuli
493 4795 538 4840 cet.
647 4789 678 4839 19
696 4799 826 4839 reuocatae
846 4807 876 4851 ω,
897 4799 999 4840 uocatae
1017 4809 1067 4853 my.
1088 4793 1124 4843 ed.
1149 4793 1347 4842 Palmaauiauae
1452 4794 1632 4841 reconciliem
1651 4791 1679 4838 M

348 4910 382 4959 X.
406 4909 416 4959 1
438 4866 566 4959 fastidium
582 4912 610 4972 Τ,
625 4912 754 4960 fastidium
766 4916 821 4972 cet,
838 4912 967 4973 fastigium
985 4912 1058 4963 vmss
1138 4914 1153 4962 2
1173 4930 1249 4977 prope
1264 4918 1342 4983 {ppe3
1357 4929 1391 4962 aa
1404 4915 1537 4975 properet}
1553 4912 1590 4974 M,
1605 4913 1701 4975 proprie
1714 4913 1737 4971 b,
1754 4912 1847 4973 prolem
1860 4907 1887 4954 bl

265 4996 360 5059 (ιιιιιιο.
371 4996 395 5046 al
404 4997 490 5060 prope)
501 5004 544 5046 cet.
618 4998 633 5047 3
647 4999 757 5047 solennis
770 4998 799 5060 T,
815 5000 934 5047 solemnis
946 4999 974 5046 M
1042 5000 1057 5048 4
1071 5001 1136 5048 solus
1149 5001 1208 5051 odd.
1222 5000 1280 5048 Ald.
1300 5002 1405 5061 (erudita
1417 5015 1466 5049 uox
1479 5007 1570 5048 etcum
1580 5000 1648 5047 solua
1659 5012 1754 5045 urceum
1770 4995 1849 5055 t'ca.⁴,¹

264 5082 370 5132 altitudo
390 5082 417 5130 M
436 5085 459 5146 (ο
477 5098 506 5132 ca
524 5086 541 5145 ί)
658 5081 759 5149 secreti]
778 5084 919 5132 consilllT
1032 5093 1058 5149 et
1077 5100 1125 5150 rrcu
1144 5093 1169 5136 et
1187 5101 1235 5135 uon
1258 5088 1278 5133 Τ
1392 5069 1490 5136 bllosti
1512 5067 1550 5134 lle
1573 5086 1593 5131 T
1704 5090 1732 5131 ιιι
1751 5098 1790 5131 ure
1809 5085 1885 5140 noeti,

264 5174 294 5217 ut
312 5170 393 5218 lacere
412 5170 498 5232 debui,
519 5176 548 5218 ut
565 5171 630 5220 uelle
648 5176 674 5220 te
692 5172 766 5219 sciui.
804 5170 864 5231 quid
883 5172 1045 5220 familiarius?
1075 5173 1135 5234 quid
1155 5176 1329 5223 constantius?
1359 5175 1419 5235 quid
1437 5175 1487 5222 dlci
1507 5174 1624 5222 blandius
1642 5174 1741 5234 potest?
1764 5165 1891 5234 posttea

264 5256 417 5318 lirettullo,
432 5257 565 5305 rotullcet.
650 5257 811 5306 'lconoillum
828 5255 961 5307 velutin
972 5274 1021 5320 mp.
1105 5260 1266 5321 9rcttulilo‚
1284 5261 1416 5307 retulicet.
1501 5264 1612 5307 sr'rrneres
1629 5258 1655 5304 M
1743 5238 1889 5304 laththT

267 5359 299 5410 14
317 5360 457 5423 dispartitis
475 5354 620 5424 appellas
725 5359 755 5409 lb
774 5319 857 5411 uodrllr
878 5362 899 5407 Τ

350 5462 397 5512 11.
420 5463 430 5511 l
451 5469 522 5526 prate
541 5462 570 5510 M
671 5463 867 5511 41111ιιιοΤ41
970 5465 1140 5527 idequorum
1161 5466 1189 5513 M
1291 5466 1441 5529 oproeintu
1463 5465 1491 5512 M
1594 5467 1672 5512 vestis
1690 5479 1757 5526 nup.
1780 5464 1890 5511 Acidalio

268 5547 296 5598 11
317 5549 475 5597 coustantius
495 5546 570 5610 rapt,
590 5551 765 5598 manantium
784 5556 828 5598 cet.
971 5550 1001 5599 12
1020 5552 1078 5599 talla
1097 5546 1178 5613 uestis
1199 5552 1219 5597 Τ
1357 5557 1496 5614 praestatur
1518 5550 1637 5613 Terppl,
1660 5558 1803 5613 praestetur
1819 5548 1888 5610 aba,

266 5648 307 5684 me
327 5671 378 5685 ...
398 5640 540 5698 praestetur
557 5650 608 5684 om.
626 5633 674 5700 χιι4

245 5784 249 5789 Ι
344 5734 464 5776 amm
1669 5742 1685 5790 4
