4358 6234
271 290 335 399 xu
966 335 1197 391 naconmvn.

271 560 467 645 explicanda
490 568 582 641 sunt,
616 569 650 625 ut
672 569 852 627 statuamus
875 583 916 628 ex
939 562 1087 648 epistulis
1110 561 1243 626 Ausonii
1267 581 1363 625 unam
1386 580 1452 625 non
1472 561 1504 624 in
1528 560 1654 625 Paulini
1679 561 1806 625 venisse
1830 581 1899 624 ma-

271 700 348 760 nus,
376 681 531 761 alteram,
558 701 653 764 quam
677 681 733 746 ille
756 689 939 766 acceperat,
972 689 1150 766 temporum
1172 681 1290 745 iniuria
1313 680 1405 745 nobis
1428 686 1570 764 ereptam
1594 699 1677 745 esse.
1725 701 1763 745 ac
1786 680 1900 745 viden-

271 809 323 867 tur
345 800 494 883 singulae
517 801 676 885 epistulae
699 800 745 866 ita
766 801 849 866 iuter
871 821 907 867 se
930 801 1115 886 excepisse,
1150 807 1184 866 ut
1206 802 1305 880 duas,
1335 799 1376 865 de
1399 799 1514 882 quibus
1537 802 1630 866 modo
1653 799 1751 866 locuti
1775 818 1894 878 sumus,

272 928 458 1003 sequeretur
474 922 597 998 XXIII,
625 921 708 986 hanc
723 922 862 985 XXIIII.
903 942 979 987 num
1002 930 1109 988 autern
1131 922 1164 987 in
1187 921 1245 998 eis,
1272 940 1354 1003 quae
1378 920 1420 984 ad
1443 940 1501 984 nos
1523 941 1585 986 non
1608 928 1833 1006 pervenerunt,
1860 940 1900 984 ea

272 1041 393 1126 scripta
415 1041 549 1122 luerint,
583 1063 665 1124 quae
695 1042 784 1126 apud
807 1042 975 1108 Paulinum
999 1043 1149 1125 leguntur
1171 1063 1201 1105 v.
1232 1044 1291 1103 103
1320 1041 1377 1126 (cl,
1396 1040 1522 1126 Peiper.
1550 1043 1645 1124 326),
1679 1061 1739 1124 ego
1770 1040 1898 1123 quidem

272 1160 399 1231 dubito:
427 1161 508 1226 nihil
531 1160 621 1226 aliud
644 1162 728 1227 euim
750 1162 801 1226 his
824 1161 931 1228 verbis
954 1161 1131 1227 continetur
1153 1161 1216 1225 uisi
1239 1180 1359 1242 corum,
1386 1181 1468 1242 quae
1491 1161 1524 1225 in
1540 1161 1692 1226 earmInis
1708 1160 1798 1225 initio
1814 1160 1900 1225 dicta

273 1287 355 1359 sunt,
383 1280 541 1364 repetitio.
581 1301 685 1364 neque
707 1282 878 1364 quicquam
901 1282 1062 1347 lucramur
1085 1301 1125 1346 ex
1148 1280 1306 1364 epistulae
1329 1280 1443 1345 XXIII
1466 1281 1499 1346 in
1523 1281 1633 1346 codice
1656 1279 1814 1346 Vossiano
1841 1284 1895 1343 111

272 1399 493 1485 inscriptione,
527 1398 560 1465 iu
589 1421 654 1482 qua
676 1400 758 1465 illud
784 1401 949 1467 ‘subinde'
974 1400 1045 1467 sine
1067 1400 1165 1465 dubio
1189 1401 1339 1466 haustum
1363 1407 1474 1466 estex
1497 1401 1599 1485 primo
1622 1401 1717 1466 huius
1741 1399 1900 1484 epistulae

272 1521 369 1586 verbo
397 1521 584 1586 ‘Proxima'.
632 1521 692 1587 sed
714 1521 777 1587 iam
801 1522 995 1588 accedamus
1017 1522 1059 1586 ad
1082 1522 1216 1587 alteram
1232 1521 1358 1587 Paulini
1383 1521 1554 1605 epistulam
1582 1521 1721 1604 (carmen
1737 1521 1810 1604 XI),
1836 1541 1901 1603 qua

272 1661 345 1708 eum
376 1642 584 1726 respondisse
606 1642 738 1707 Ausonii
770 1642 947 1727 epistulae,
982 1662 1064 1726 quae
1093 1643 1127 1707 iu
1158 1643 1218 1707 hac
1247 1642 1387 1707 editione
1410 1649 1459 1707 est
1481 1642 1635 1707 vicesima
1656 1641 1784 1725 quinta,
1817 1642 1901 1706 inter

273 1781 384 1827 omnes
400 1770 534 1826 constat.
575 1783 649 1827 uam
672 1784 723 1827 vv.
752 1767 780 1845 4,
808 1765 859 1844 30,
887 1766 938 1843 32,
967 1764 1018 1843 34,
1046 1765 1086 1825 39
1104 1782 1151 1845 sq.
1178 1762 1389 1845 designantur
1411 1763 1521 1844 verba,
1548 1763 1663 1844 quibus
1685 1762 1718 1826 iu
1741 1761 1900 1846 epistulae

274 1901 353 1946 suae
376 1880 466 1946 initio
489 1902 566 1947 rusus
589 1889 638 1947 est
660 1882 832 1966 Ausonius,
861 1888 957 1965 atque
980 1882 1014 1947 in
1036 1881 1147 1966 primIs
1169 1881 1228 1946 illa
1249 1881 1291 1946 ab
1314 1883 1406 1964 cquis
1429 1882 1593 1965 iugalibus
1617 1880 1786 1966 desumpta
1810 1880 1899 1945 simi-

271 2000 382 2066 litudo.
431 2001 491 2066 has
520 2002 619 2085 igitur
640 2001 774 2067 Ausonii
803 2008 835 2067 et
856 2000 983 2066 Paulini
1014 2001 1171 2085 epistulas
1195 2000 1330 2067 Ebertus
1353 2008 1386 2068 et
1408 2002 1560 2086 Peiperus
1584 2010 1659 2068 ante
1682 2008 1823 2080 ceteras,
1859 1999 1900 2066 de

271 2121 388 2204 quibus
418 2124 511 2188 modo
541 2122 638 2187 locuti
666 2143 791 2203 sumna,
828 2121 1020 2206 compositas
1049 2142 1123 2188 esse
1153 2129 1306 2187 statuunt.
1353 2122 1412 2187 sed
1443 2143 1519 2187 num
1549 2128 1583 2187 tu
1605 2128 1700 2206 putas
1723 2121 1900 2187 Ausonium

272 2242 379 2308 statim
402 2243 436 2307 in
459 2243 596 2308 amioum
620 2250 799 2309 cessantem
822 2250 888 2308 tam
911 2243 1037 2309 acerbis
1059 2242 1154 2308 dictis
1176 2243 1337 2308 invectum
1360 2263 1443 2325 esse,
1471 2264 1604 2327 quornm
1627 2242 1797 2308 duritatem
1813 2243 1901 2307 Pau-

271 2363 372 2443 linus,
407 2335 483 2427 dum
506 2363 608 2428 amico
631 2365 818 2449 respondet,
851 2371 915 2428 tam
938 2362 1081 2446 graviter·
1102 2362 1307 2446 conqueritur
1333 2367 1375 2445 (v.
1403 2366 1433 2447 5)
1449 2367 1500 2446 ¹⁴).
1547 2370 1580 2427 ct
1602 2383 1664 2444 quo
1687 2381 1808 2445 quaeso
1831 2363 1900 2427 loco

270 2482 305 2548 in
326 2482 384 2546 illa
399 2483 533 2548 Ausonii
556 2483 696 2567 epistula
718 2483 917 2566 significatur
937 2483 1154 2548 intermissum
1178 2502 1250 2548 esse
1273 2484 1315 2548 ab
1338 2483 1441 2547 amico
1463 2482 1643 2548 litterarum
1659 2483 1901 2547 commercium?

271 2608 306 2668 at
336 2608 421 2668 certe
451 2603 636 2687 priusquam
659 2604 820 2670 Ausonius
851 2603 1032 2669 discussum
1055 2621 1129 2668 esse
1151 2601 1272 2668 diceret
1293 2601 1455 2668 amicitiae
1477 2602 1658 2683 vinculum,
1693 2602 1832 2668 debebat
1853 2602 1901 2668 le-

270 2721 416 2788 nioribus
438 2723 484 2788 uti
508 2724 632 2805 verbis,
666 2726 815 2808 querelas
836 2725 943 2790 iacere
966 2723 1006 2789 de
1029 2723 1177 2788 diuturno
1199 2724 1293 2789 amici
1316 2722 1462 2804 silentio,
1496 2723 1615 2788 blande
1638 2723 1808 2806 obiurgare
1831 2742 1902 2787 ces-

271 2850 406 2926 santem,
433 2865 516 2925 quae
540 2845 646 2910 omnia
667 2845 702 2910 in
724 2845 872 2930 epistulis
895 2844 1008 2909 XXIII
1031 2850 1063 2909 et
1087 2844 1216 2908 XXIIII
1238 2842 1451 2925 inveniuntur,
1481 2844 1514 2909 in
1530 2845 1624 2909 XXV
1646 2865 1687 2909 ne
1710 2845 1807 2909 verbo
1829 2844 1902 2925 qui-

271 2964 345 3030 dem
374 2972 668 3030 commemorantur.
716 2963 801 3030 adde
830 2964 916 3047 quod
947 2984 1005 3030 nec
1033 2965 1067 3029 iu
1090 2963 1218 3028 Paulini
1249 2983 1402 3048 responso
1426 2965 1494 3029 ulla
1519 2971 1607 3029 extat
1630 2964 1820 3029 cessationis
1844 2983 1901 3028 ex-

271 3083 411 3162 cusati03
445 3104 519 3148 nam
545 3104 629 3168 quae
659 3085 808 3167 leguntur
835 3085 868 3149 in
892 3105 943 3149 vv.
971 3087 1056 3165 2sq.
1093 3083 1326 3168 ‘placitamque
1357 3085 1488 3149 latebris
1520 3082 1678 3149 desidiam
1702 3083 1898 3168 exprobras',

272 3224 312 3270 ea
342 3210 490 3289 spectant
519 3203 636 3285 vitam,
669 3224 765 3287 quam
788 3211 855 3269 tum
878 3203 1033 3269 Paulinus
1056 3205 1175 3287 agebat
1197 3205 1239 3269 ab
1261 3182 1424 3269 hominum
1448 3210 1539 3269 coetu
1564 3212 1717 3270 remotam
1740 3210 1837 3287 atque
1859 3204 1902 3268 ab

272 3324 410 3407 negotiis
432 3325 570 3410 publicis
593 3326 834 3410 litterarumque
857 3325 972 3391 studiis
995 3325 1154 3406 alienam,
1189 3333 1221 3391 et
1243 3325 1307 3405 eis,
1340 3345 1423 3408 quae
1445 3324 1657 3406 antecedunt,
1695 3323 1902 3390 ‘Continuata

272 3466 364 3512 meae
388 3445 503 3513 durare
527 3447 656 3514 silentia
678 3447 809 3530 linguae
832 3453 864 3513 te
886 3467 1061 3528 numquam
1083 3445 1181 3511 tacito
1205 3448 1374 3511 memoras'
1399 3446 1479 3511 nihil
1501 3445 1565 3510 nisi
1581 3446 1795 3528 querelarum,
1821 3464 1902 3528 quas

271 3565 306 3631 in
330 3566 487 3650 prioribus
508 3567 622 3634 litteris
645 3566 806 3632 Ausonius
829 3566 965 3649 fuderat,
991 3567 1076 3631 inest
1096 3565 1296 3648 significatio.
1339 3572 1424 3631 certe
1447 3586 1510 3629 non
1533 3567 1566 3630 in
1582 3565 1653 3647 hae,
1680 3565 1785 3630 sedin
1801 3565 1903 3630 altera

273 3685 414 3770 epistula
436 3686 590 3751 Paulinus
612 3687 653 3752 de
676 3706 734 3767 ea,
767 3707 864 3768 quam
886 3686 1057 3769 amplexus
1079 3692 1163 3765 erat,
1198 3684 1285 3749 vitae
1307 3685 1431 3751 ratione
1454 3684 1604 3769 exposuit
1625 3705 1664 3749 ac
1686 3685 1803 3768 quibus
1826 3705 1902 3750 cau-

273 3805 318 3871 sis
347 3805 506 3870 adductus
536 3813 639 3887 esset,
674 3811 707 3870 ut
733 3805 816 3870 hanc
844 3804 1035 3885 praeferret,
1069 3803 1255 3888 explicavit.
1303 3825 1387 3888 quae
1418 3825 1490 3870 curn
1515 3804 1561 3869 ita
1584 3804 1663 3884 sint,
1697 3805 1903 3870 statuendum

273 3932 323 3992 est
337 3926 526 4006 Ausonium,
552 3945 624 3991 cum
647 3933 719 4011 post
741 3932 889 4009 quattuor
910 3925 1034 3990 litteras
1056 3924 1100 3989 ad
1122 3924 1261 3989 amicum
1285 3933 1467 3992 cessantem
1491 3926 1606 3990 missas
1629 3926 1810 4009 accepisset
1831 3932 1904 3990 tau-

273 4047 347 4112 dem
370 4066 569 4131 responsum,
595 4047 680 4129 quod
703 4046 890 4112 carmiueX
914 4046 1103 4125 contiuetur,
1129 4065 1333 4130 nequaquam
1356 4067 1395 4112 eo
1417 4048 1573 4113 lactatum
1596 4065 1676 4125 esse,
1705 4046 1764 4112 sed
1786 4066 1902 4129 aeger-

274 4167 353 4233 rime
375 4167 459 4233 adeo
480 4167 594 4233 tulisse
616 4166 722 4249 amici,
749 4167 803 4250 qui
825 4168 868 4232 ad
890 4166 1057 4252 pristinam
1080 4166 1180 4231 vitam
1202 4186 1237 4232 se
1260 4167 1438 4232 rediturum
1460 4186 1534 4233 esse
1557 4166 1737 4251 praefracte
1753 4173 1899 4248 negaret,

274 4288 519 4354 recusationem.
567 4281 753 4372 speraierat
783 4287 868 4352 enim
898 4286 991 4352 suavi
1021 4286 1197 4352 litterarum
1226 4287 1414 4352 commercio
1444 4287 1589 4352 instituto
1613 4305 1647 4351 se
1670 4284 1806 4350 Paulino
1829 4305 1903 4370 per-

274 4426 444 4474 suasurum
474 4426 563 4488 esse,
597 4414 631 4472 ut
653 4406 812 4491 Hispania
841 4406 955 4472 relicta
977 4406 1187 4490 Burdigalam
1215 4407 1258 4472 ad
1288 4426 1363 4472 suos
1393 4413 1614 4472 reverteretur.
1663 4426 1728 4486 qua
1757 4423 1814 4489 spe
1846 4404 1904 4470 de-

275 4528 394 4610 iectus,
428 4547 499 4592 cum
528 4528 619 4593 illum
649 4528 682 4592 in
711 4527 871 4593 sententia
899 4547 958 4592 sua
987 4528 1136 4612 vitaeque
1167 4527 1302 4593 consilio
1333 4546 1540 4611 perseverare
1570 4525 1804 4606 intellexisset,
1839 4525 1903 4589 iam

275 4649 457 4716 fortioribus
480 4648 631 4714 remediis
654 4649 806 4714 utendum
829 4667 903 4714 esse
924 4655 1012 4713 ratus
1035 4647 1164 4733 scripsit
1185 4648 1359 4733 epistulam
1383 4647 1569 4713 vicesimam
1593 4647 1752 4731 quintam,
1780 4663 1903 4728 quase

275 4770 493 4856 praecisurum
524 4788 597 4835 csse
624 4768 799 4834 amicitiam
829 4768 968 4833 minatus
998 4775 1063 4850 est,
1096 4767 1158 4833 nisi
1187 4774 1308 4833 mutato
1339 4767 1471 4832 consilio
1494 4766 1621 4832 domum
1645 4765 1794 4832 rediisset
1816 4766 1903 4831 Pau-

276 4889 361 4955 linus
390 4907 488 4972 seque
515 4888 629 4954 amicis
658 4888 726 4954 suis
749 4887 954 4954 reddidIsset.
1002 4888 1055 4953 cui
1077 4888 1254 4972 epistulae,
1288 4906 1384 4969 quam
1407 4907 1428 4951 a
1450 4886 1602 4951 minando
1626 4905 1717 4951 orsus
1740 4886 1904 4950 Ausonius

275 5010 430 5096 paulatim
460 5009 503 5076 ad
532 5029 690 5075 summam
719 5007 837 5074 amoris
867 5015 899 5073 et
921 5007 1074 5074 desiderii
1097 5006 1363 5091 significationem
1387 5004 1546 5088 uaduxit,
1580 5025 1651 5070 cum
1674 5006 1830 5071 Paulinus
1852 5025 1904 5070 rc-

276 5131 460 5217 spondisset
480 5130 620 5197 carmine
643 5130 707 5209 XI,
734 5129 768 5194 in
791 5148 853 5211 quo
877 5135 911 5193 ut
933 5148 1058 5193 summa
1080 5128 1150 5193 eius
1172 5128 1205 5192 in
1228 5126 1404 5192 Ausonium
1427 5125 1531 5210 pietas
1554 5126 1675 5207 clucet,
1707 5126 1754 5191 ita
1777 5125 1903 5190 stabilis

366 5457 405 5519 ii]
425 5458 574 5521 Ausonium,
594 5474 651 5508 cum
669 5460 696 5508 in
714 5459 836 5522 epistulae
854 5459 942 5508 XXIII
962 5473 985 5507 v.
1001 5459 1016 5505 3
1034 5458 1101 5506 dixit
1120 5458 1226 5506 ‘blanda
1243 5456 1403 5519 obiurgatio,
1425 5457 1567 5518 rcapeatssc
1586 5454 1720 5518 epistulam
1735 5454 1817 5515 XXV,
1838 5454 1904 5515 quod

278 5543 398 5606 Palpems
415 5558 441 5606 p.
462 5542 511 5591 327
530 5546 653 5606 opinatur,
674 5546 706 5592 ab
725 5546 793 5594 omni
811 5546 864 5593 veri
881 5545 967 5607 specle
984 5543 1106 5593 abhorret.
1145 5543 1170 5592 id
1188 5543 1321 5608 quodiam
1339 5556 1371 5591 ex
1390 5557 1434 5604 so,
1455 5541 1521 5606 quod
1540 5541 1661 5589 Paulinus
1679 5539 1710 5589 de
1728 5540 1775 5589 hae
1792 5541 1903 5604 epistula

277 5630 345 5690 tulit,
366 5629 459 5679 ludIcio
478 5630 552 5680 iacile
569 5629 738 5694 Intellegitur.
