4448 6226
939 330 1112 390 MOSELLA
1133 329 1260 398 (XVIII).

624 520 701 606 quin
724 520 821 588 etiam
843 518 944 606 riguis
967 521 1080 587 humili
1102 521 1187 607 pede
1210 520 1337 586 condita
1359 520 1460 605 pratis

625 631 800 710 conpensat
821 624 901 691 celsi
924 626 1009 691 bona
1031 625 1192 690 naturalia
1213 624 1331 690 montis

625 728 819 811 sublimique
841 727 969 794 minans
990 728 1137 813 irrumpit
1158 728 1193 794 in
1214 729 1347 794 aethera
1368 734 1468 809 tecto,

625 838 789 897 ostentans
812 833 912 897 altam
934 832 1057 898 Pharos
1078 839 1115 898 ut
1135 831 1343 918 Memphitica
1364 832 1487 897 turrim.

625 937 699 1002 huic
722 935 886 1021 proprium
909 943 959 1002 est
980 937 1108 1002 clausos
1131 942 1302 1021 consaepto
1325 935 1452 1019 gurgite
1475 934 1580 1019 pisces

625 1039 751 1123 apricas
775 1041 977 1124 scopulorum
999 1040 1083 1105 inter
1105 1046 1236 1124 captare
1257 1039 1408 1118 novales,

627 1143 706 1208 haec
728 1141 862 1208 summis
884 1143 997 1209 innixa
1018 1142 1105 1226 iugis
1127 1142 1270 1209 labentia
1293 1143 1403 1208 subter

625 1245 758 1311 fiumina
780 1245 934 1330 despectu
956 1245 1020 1311 iam
1044 1246 1205 1330 caligante
1227 1252 1344 1312 tuetur.

625 1350 708 1416 atria
729 1349 808 1432 quid
829 1369 1001 1416 memorem
1024 1349 1238 1415 viridantibus
1260 1348 1368 1415 adsita
1390 1349 1492 1433 pratis

624 1453 864 1534 innumerisque
887 1473 984 1538 super
1005 1452 1141 1519 nitentia
1163 1460 1247 1519 tecta
1269 1451 1449 1519 columnis?

625 1557 704 1640 quid
726 1577 809 1641 quae
831 1556 984 1623 fluminea
1005 1557 1189 1622 substructa
1211 1555 1374 1641 crepidine
1398 1555 1522 1620 fumant

625 1660 760 1741 balnea,
786 1659 924 1726 ferventi
947 1679 1018 1724 cum
1041 1658 1198 1724 Mulciber
1220 1658 1358 1725 haustus
1381 1666 1491 1744 operto

626 1762 724 1828 volvit
746 1763 915 1829 anhelatas
937 1761 1069 1827 tectoria
1091 1782 1149 1846 per
1171 1781 1251 1827 cava
1272 1761 1434 1843 flammas,

624 1866 784 1932 inclusum
805 1866 988 1950 glomerans
1010 1871 1103 1930 aestu
1126 1864 1292 1949 expirante
1315 1871 1489 1950 vaporem?

626 1968 693 2034 vidi
716 1989 776 2053 ego
799 1968 945 2035 defessos
967 1969 1067 2034 multo
1090 1968 1206 2034 sudore
1229 1968 1350 2034 lavacri

625 2072 790 2139 fastidisse
813 2074 903 2139 lacus
925 2079 958 2139 et
979 2070 1099 2157 frigora
1120 2064 1336 2157 piscinarum,

626 2183 661 2242 ut
683 2177 766 2242 vivis
789 2177 969 2243 fruerentur
990 2175 1099 2260 aquis,
1128 2197 1201 2241 mox
1224 2197 1318 2242 amne
1340 2175 1458 2242 refotos

626 2279 791 2364 plaudenti
812 2278 957 2363 gelidum
979 2279 1100 2345 flumen
1120 2280 1285 2364 pepulisse
1308 2285 1432 2346 natatu.

526 2407 530 2439 :
561 2427 566 2439 ·
626 2383 712 2466 quod
735 2383 763 2449 si
786 2383 938 2450 Cumanis
960 2384 1024 2449 huc
1046 2385 1160 2449 afforet
1181 2384 1299 2469 hospes
1321 2386 1363 2450 ab
1386 2384 1465 2464 oris,

628 2488 772 2553 crederet
796 2487 955 2553 Euboicas
979 2487 1151 2553 simulacra
1173 2487 1272 2553 exilia
1294 2487 1392 2554 Baias

627 2590 677 2656 his
701 2589 840 2656 donasse
861 2591 958 2656 locis:
984 2597 1108 2657 tantum
1132 2590 1300 2675 cultusque
1322 2592 1470 2673 nitorque

627 2693 730 2760 allicit
752 2700 784 2758 et
806 2693 930 2758 nullum
952 2692 1038 2776 parit
1059 2694 1230 2759 oblectatio
1252 2694 1375 2759 luxum.

713 2797 779 2863 Sed
800 2796 880 2862 mibi
903 2796 957 2881 qui
979 2797 1110 2863 tandem
1132 2797 1205 2863 finis
1228 2802 1285 2863 tua
1306 2799 1424 2882 glauca
1445 2795 1567 2889 fluenta

527 2922 549 2954 =·
627 2900 734 2966 dicere
756 2897 1018 2983 dignandumque
1040 2900 1122 2965 mari
1142 2920 1320 2966 memorare
1343 2901 1528 2977 Mosellam,

626 3003 785 3069 innumeri
807 3002 893 3086 quod
914 3009 946 3068 te
969 3003 1098 3068 diversa
1120 3022 1178 3087 per
1200 3003 1282 3068 ostia
1304 3004 1369 3068 iate

626 3107 790 3172 incurrunt
811 3111 946 3171 amnesi
968 3125 1161 3190 quamquam
1184 3104 1314 3173 differre
1337 3113 1462 3171 meatus

628 3216 772 3295 possent,
800 3207 860 3275 sed
881 3209 1024 3274 celerant
1045 3209 1078 3274 in
1101 3215 1134 3274 te
1156 3228 1342 3274 consumere
1364 3227 1492 3274 nomen.

627 3332 766 3395 namque
789 3319 821 3378 et
843 3313 996 3378 Promeae
1020 3312 1243 3396 Nemesaeque
1266 3312 1378 3378 adiuta
1400 3318 1509 3378 meatu

527 3438 531 3471 :
562 3458 567 3473 ι
629 3416 712 3482 Sura
733 3423 805 3482 tuas
827 3423 978 3501 properat
999 3436 1062 3480 uon
1085 3416 1229 3500 degener
1248 3416 1295 3481 ire
1318 3416 1377 3482 sub
1400 3416 1523 3493 undas,

629 3519 712 3585 Sura
733 3519 917 3604 interceptis
939 3519 998 3585 tibi
1020 3519 1203 3604 gratificata
1224 3519 1372 3585 fluentis:

627 3622 767 3689 nobilius
790 3621 948 3707 permixta
970 3628 1025 3688 tuo
1047 3624 1107 3688 sub
1129 3622 1275 3703 nomine,
1302 3644 1397 3706 quam
1421 3623 1448 3688 si

627 3724 808 3809 ignoranda
829 3723 912 3810 patri
935 3725 1144 3792 confunderet
1166 3725 1248 3791 ostia
1270 3727 1381 3792 Ponto.

627 3836 659 3894 te
681 3829 816 3914 rapidus
839 3826 974 3909 Celbis,
992 3835 1025 3895 te
1047 3848 1202 3895 marmore
1225 3830 1331 3894 clarus
1353 3829 1487 3895 Erubris

527 3951 574 3992 :rso
628 3931 783 3998 festinant
804 3931 935 3997 famulis
957 3952 1053 4016 quam
1076 3931 1214 4018 primum
1237 3933 1423 3999 adlambere
1446 3933 1601 4018 lymphis:

300 4088 382 4098 ——-
408 4092 413 4097 .
462 4092 706 4099 .<.*—-..,„-..-

380 4174 430 4226 331
443 4190 496 4238 sqq.
518 4175 582 4225 Stat.
603 4174 667 4224 Siiv.
688 4177 698 4222 l
717 4175 748 4234 3,
768 4175 801 4224 43
816 4190 870 4237 sqq.
893 4191 924 4224 an
943 4191 1006 4239 qnae
1025 4177 1152 4238 gemines
1169 4183 1286 4238 suscepta
1304 4178 1434 4239 crepidine
1453 4179 1553 4226 fumant
1571 4178 1659 4225 balnea
1677 4183 1704 4224 et
1722 4178 1867 4239 impositum
1886 4177 1920 4224 rl·

295 4262 334 4323 pia
350 4262 493 4323 algentibus
511 4263 614 4322 ignemf
641 4276 740 4324 quaque
759 4263 903 4323 vaporiferis
921 4265 1024 4313 iunctus
1043 4264 1186 4312 fornacibus
1205 4264 1286 4312 amnia
1305 4263 1370 4311 ridet
1388 4263 1535 4311 anhelantes
1553 4264 1635 4312 ricino
1655 4264 1760 4310 humine
1779 4262 1922 4324 Nymphaei

295 4343 423 4396 3421101.
444 4346 527 4410 lipiat.
548 4347 603 4411 13,
627 4347 655 4397 11
676 4348 790 4397 fastidire
808 4350 877 4398 lacus
994 4350 1043 4400 345
1063 4351 1126 4401 Stat.
1148 4351 1208 4401 Silr.
1231 4352 1241 4398 1
1261 4351 1285 4412 5,
1306 4350 1339 4399 69
1358 4365 1403 4398 nec
1422 4351 1443 4398 si
1462 4350 1562 4398 Baianis
1580 4349 1665 4397 veniat
1683 4363 1761 4398 novus
1779 4349 1872 4411 hospes
1891 4349 1922 4396 ab

296 4433 344 4482 oria
448 4432 498 4482 349
517 4435 593 4495 Verg.
615 4436 677 4485 Aen.
701 4436 737 4483 Vl
756 4434 805 4484 321
825 4450 898 4485 rauca
917 4437 1011 4485 fluenta

379 4656 589 4720 3210010001.
609 4660 655 4709 litt.
678 4663 714 4710 iu.
738 4661 758 4708 θ
897 4661 997 4720 irriguis
1016 4660 1037 4706 Β
1177 4649 1255 4721 p'atis
1276 4660 1297 4707 G
1435 4658 1486 4709 323
1504 4666 1641 4723 conpensat
1661 4659 1691 4720 Z,
1715 4664 1858 4718 compensat
1875 4662 1920 4705 cet.

295 4743 344 4793 329
361 4745 453 4808 irrupit
471 4743 508 4794 Bt
612 4746 711 4794 aethere
730 4744 790 4796 th
896 4744 946 4793 336
964 4747 1037 4793 allam
1051 4746 1082 4807 11,
1103 4746 1154 4792 alta
1168 4743 1198 4794 i*
1303 4746 1367 4793 faros
1379 4744 1440 4794 0132
1544 4745 1760 4808 rerhiticaturria
1777 4744 1797 4789 Z
1813 4744 1920 4805 (seraa.)-

298 4824 345 4879 331
367 4836 405 4880 ast
424 4829 446 4877 0
468 4833 496 4893 (a.
511 4831 547 4893 c.)
566 4845 614 4880 om.
630 4832 659 4892 Ζ,
680 4839 719 4881 est
736 4847 804 4892 carp.
911 4839 1029 4893 concepto
1041 4832 1073 4889 B,
1094 4837 1213 4893 consepto
1229 4836 1273 4878 cet.
1381 4829 1430 4879 332
1450 4830 1574 4892 captaret
1680 4830 1729 4879 333
1746 4811 1815 4891 iirgis
1833 4819 1923 4877 iiruira

297 4912 329 4965 l*
432 4915 482 4965 335
502 4919 564 4966 atria
581 4919 640 4965 mut.
662 4919 709 4966 litt.
731 4920 766 4966 in.
787 4918 832 4964 (111
936 4899 1010 4980 adsita
1029 4915 1050 4962 G
1066 4917 1092 4979 (d
1104 4913 1162 4977 mil,
1182 4918 1295 4966 assitaZ
1400 4915 1449 4965 336
1467 4917 1560 4965 colonia
1580 4916 1593 4966 λ
1699 4917 1746 4966 331
1767 4916 1890 4966 subducta
1908 4913 1922 4965 i

296 5000 346 5051 338
364 5001 483 5065 apertat
634 5002 684 5052 339
703 5005 787 5052 damas
809 5004 830 5049 Z
979 5002 1024 5051 341
1047 5003 1198 5052 lauachriii
1350 5000 1399 5051 342
1418 5003 1521 5052 flumina
1541 5004 1562 5049 11
1712 5003 1761 5053 343
1781 5005 1873 5053 refutes
1891 4999 1923 5051 i*

794 5068 893 5109 cumanis

295 5120 344 5172 345
362 5124 429 5187 quod
446 5126 505 5175 mai.
527 5125 575 5172 litt.
596 5127 630 5174 iu.
652 5124 673 5172 {l
794 5128 825 5187 qn
842 5120 898 5186 apis
916 5123 937 5170 0
1059 5123 1125 5195 boris
1147 5124 1167 5169 Ζ
1291 5123 1341 5172 346
1359 5101 1505 5173 simulachra
1523 5124 1545 5170 B
1667 5123 1716 5172 341
1736 5131 1821 5173 nutus
1839 5123 1922 5185 codd„

294 5216 393 5260 uatum
412 5208 549 5259 Mommsen
664 5210 713 5259 349
732 5211 776 5258 ssd
793 5213 853 5258 mni.
873 5211 922 5258 litt.
943 5213 977 5258 ira.
1001 5210 1045 5258 Gli
1162 5209 1212 5259 350
1233 5225 1382 5258 memorasse
1404 5211 1460 5267 lom.
1481 5209 1539 5273 que)
1560 5208 1574 5258 λ
1679 5210 1782 5258 Mosella
1801 5210 1922 5270 Boeclrirrg

294 5292 342 5344 351
360 5290 443 5360 {scatia
463 5296 491 5358 G,
514 5296 595 5345 hostia
613 5296 635 5342 B
654 5298 691 5358 (iu
709 5309 754 5358 quo
772 5295 788 5343 b
806 5297 880 5355 erce.)
904 5295 925 5341 Z
1038 5295 1224 5359 autquinque
1245 5293 1324 5346 GZt*
1428 5296 1478 5346 353
1497 5297 1523 5344 iu
1543 5292 1580 5363 te]
1598 5292 1686 5358 01101
1791 5295 1841 5346 354
1860 5311 1923 5345 nau-

293 5395 342 5445 qua
361 5378 431 5429 ΘΒΖ
569 5396 678 5444 proaneq
700 5382 730 5441 G,
757 5395 850 5444 prenae
868 5381 922 5442 ΒΖ,
948 5394 1039 5445 pransa
1057 5388 1097 5430 est
1116 5380 1139 5444 i,
1166 5389 1192 5430 et
1209 5385 1281 5444 aquis
1300 5382 1401 5431 Promac
1421 5384 1500 5443 Bergk
1520 5382 1614 5445 (Jahrb.
1635 5383 1676 5431 dee
1699 5383 1750 5431 l'er.
1770 5400 1795 5431 o.
1816 5386 1867 5432 Ali.
1890 5387 1923 5431 im

294 5464 391 5518 abeat.
413 5467 487 5515 LVII
508 5467 546 5528 15)
659 5464 799 5515 adductat
914 5466 963 5515 351
983 5469 1110 5517 nobilibus
1128 5466 1164 5517 Bi
1279 5469 1351 5530 quasi
1371 5465 1402 5518 i*
1516 5467 1566 5518 358
1584 5449 1783 5517 0001006οῐοι3
1805 5472 1824 5532 (t
1841 5466 1888 5531 mil

293 5552 374 5603 heatia
394 5554 415 5601 Ζ
536 5554 585 5602 359
604 5554 683 5614 gelbis
705 5553 824 5614 Ouolas,
845 5552 924 5612 belgis
944 5552 1012 5613 ΒΖλ,
1036 5554 1119 5603 Celbis
1137 5553 1204 5602 Seni.
1312 5557 1418 5605 erubrus
1437 5554 1473 5605 132
1493 5558 1565 5617 culpo
1690 5554 1740 5604 360
1758 5557 1873 5604 adlabere
1891 5555 1923 5617 0,

294 5640 400 5689 allaberc
420 5641 449 5701 Z,
469 5641 568 5689 alabere
586 5638 610 5700 1,
631 5641 763 5688 allambere
784 5641 804 5686 li
