4358 6234
1006 331 1160 388 AVSONII

529 525 656 591 nomine
679 523 906 603 Phoebioium,
1280 524 1399 589 famam
1422 523 1533 589 habuit
1555 531 1698 589 tenuem.

530 630 586 711 qui
607 628 721 695 Beleni
743 627 893 693 aedituus
1280 647 1387 711 pange
1410 635 1443 692 et
1464 627 1638 692 Anastasio

446 749 478 789 2⁵
529 732 576 797 nil
598 732 668 816 opis
690 730 766 795 iude
787 730 879 811 tulit,
1280 728 1406 811 flebile,
1432 729 1544 812 Musa,
1570 730 1690 796 melum

531 841 581 900 set
603 843 729 916 tamen,
756 840 791 899 ut
812 832 984 918 placitum,
1282 840 1314 900 et
1335 853 1476 898 memora
1497 841 1645 911 tenuem,

531 940 630 1023 stirpe
653 945 743 1004 satus
765 936 914 1002 druidum
1280 936 1395 1019 nenia,
1422 937 1678 1021 grammatIcum.

530 1042 637 1126 gentis
659 1041 880 1122 Aremoricae,
1281 1040 1478 1123 Burdigalae
1500 1040 1586 1106 huuc
1607 1041 1752 1124 genitum

531 1144 727 1227 Burdigalae
750 1143 936 1209 cathedram
1279 1143 1444 1208 transtulit
1465 1143 1599 1209 ambitio

447 1270 451 1304 :
531 1247 598 1312 nati
622 1268 722 1332 opera
744 1247 890 1312 obtinuit.
1281 1245 1528 1327 Pictonicaeque
1551 1245 1652 1312 dedit.

531 1358 719 1435 permaneat
741 1351 856 1416 series:
1281 1369 1405 1434 pauper
1426 1349 1472 1414 ibi
1496 1357 1528 1442 et
1548 1356 1678 1415 tenuem

531 1454 732 1537 relligiosum
754 1452 873 1519 etenim
1198 1475 1210 1511 a
1281 1452 1400 1517 vietum
1423 1451 1633 1535 habitumque
1655 1452 1766 1518 colens

532 1576 778 1623 commemorare
802 1556 925 1640 (meae)
1281 1555 1451 1638 gloriolam
1473 1555 1591 1621 exilem

531 1661 775 1744 grammaticum
798 1659 923 1744 patriae
1281 1666 1314 1725 et
1336 1660 1461 1744 patriae
1485 1666 1518 1724 et
1540 1658 1713 1725 cathedrae

447 1788 469 1821 ι.
532 1763 749 1848 <Ammonium
776 1812 947 1841 .......
953 1763 966 1846 >
1280 1762 1423 1847 perdidit
1444 1763 1477 1826 in
1499 1762 1599 1828 senio.

531 1868 585 1951 qui
608 1867 741 1932 rudibus
764 1865 872 1950 pucris
1282 1874 1331 1931 set
1352 1873 1459 1931 tamen
1481 1866 1567 1931 hunc
1588 1872 1713 1945 noster,

530 1971 634 2055 prima
656 1969 816 2036 elementa
838 1969 953 2049 dabat,
1198 2015 1203 2026 .
1283 1968 1543 2034 commemoravit
1564 1969 1683 2050 honos,

531 2073 676 2140 doctrina
698 2071 850 2155 exiguus,
1280 2093 1322 2138 ne
1345 2072 1466 2156 paritor
1486 2072 1629 2137 tumulus

530 2176 672 2241 moribus
695 2174 885 2260 inplacidis:
1281 2195 1396 2241 nomeu
1419 2183 1451 2240 et
1474 2194 1549 2240 ossa
1571 2183 1672 2259 tegat.

445 2302 476 2341 m
530 2278 664 2365 proinde
687 2285 721 2344 ut
743 2286 811 2344 arat
834 2279 1000 2359 meritum,

403 2556 457 2622 la.
480 2554 751 2636 HEROVLANO,
778 2553 957 2619 SORORIS
980 2554 1106 2634 FILIO,
1134 2553 1419 2620 GRAMMATICO
1443 2553 1775 2619 BVIlDIGALIlNSI.

607 2728 803 2807 Herculane,
831 2727 886 2809 qui
908 2727 1070 2812 profectus
1092 2728 1212 2811 gremio
1235 2727 1275 2792 de
1298 2734 1405 2792 nostro
1428 2733 1460 2791 et
1482 2726 1593 2792 schola
1774 2748 1824 2796 rur
1852 2750 1913 2809 uxr}

608 2850 696 2915 spem
721 2829 827 2913 magis
850 2852 945 2914 quam
970 2832 1068 2916 (rem)
1093 2831 1260 2896 fruendam
1284 2830 1461 2917 praebuisti
1483 2830 1658 2910 avunculo,

607 2935 769 3018 particeps
794 2934 923 2998 scholae
946 2942 979 3000 et
1002 2935 1173 3000 cathedrae
1198 2955 1302 3019 paene
1326 2954 1493 2999 successor
1514 2953 1626 3009 meae,

608 3038 750 3102 lubricae
772 3037 834 3101 uisi
857 3045 888 3102 te
912 3038 1061 3104 iuventae
1084 3037 1292 3122 praecipitem
1315 3035 1417 3102 flexus
1440 3037 1547 3115 daret,

542 3165 554 3202 s
608 3139 802 3224 Pythagorei
824 3160 886 3205 nou
910 3147 1071 3205 tenentem
1094 3140 1231 3205 tramitis
1255 3147 1373 3204 rectam
1396 3140 1493 3204 viam.

608 3251 676 3309 esto
699 3242 846 3327 placidus
869 3251 902 3308 ct
923 3243 1039 3327 quietis
1063 3243 1211 3308 manibus
1235 3243 1345 3308 sedem
1370 3244 1458 3318 thro,

607 3349 673 3412 iam
696 3346 774 3411 mihi
797 3354 935 3429 cognata
957 3346 1076 3411 dudum
1100 3347 1183 3411 iuter
1205 3354 1399 3411 memoratus
1422 3346 1562 3410 uomina.

505 3624 560 3690 13.
583 3622 823 3688 THAIASSIO
847 3622 1131 3688 GRAMMATICO
1156 3622 1315 3687 LATINO
1340 3622 1673 3687 svuulcnuausl.

607 3795 755 3861 Officium
778 3815 957 3878 nomenque
981 3802 1087 3869 tuum,
1116 3794 1278 3881 primaeve
1302 3794 1470 3874 Thalassi,
1760 3817 1810 3866 aaa
1833 3818 1903 3878 (xp)

693 3899 846 3985 parvulus
869 3899 997 3964 audivi:
1024 3899 1079 3963 vix
1101 3899 1198 3965 etiam
1222 3899 1368 3977 memini,

607 4024 671 4085 qua
695 4004 797 4067 torma
818 4011 875 4068 aut
896 4003 1008 4067 mento
1032 4002 1146 4080 fueris,
1173 4024 1238 4084 qua
1261 4002 1360 4087 stirpe
1384 4012 1564 4087 pareutum.

693 4116 785 4172 aetas
807 4106 852 4170 uil
875 4105 916 4171 de
939 4113 971 4171 te
995 4106 1150 4190 posterior
1172 4107 1323 4172 celebrat.

542 4233 555 4269 e
608 4210 851 4292 grammaticum
874 4210 1025 4274 invenem
1049 4216 1172 4274 tantum
1195 4217 1227 4274 te
1250 4210 1337 4274 lama
1360 4210 1498 4289 ferebat,

695 4320 761 4377 tum
786 4332 911 4396 quoque
934 4320 999 4378 tam
1023 4313 1145 4388 tenuis,
1174 4334 1269 4394 quam
1293 4313 1387 4378 modo
1411 4313 1499 4378 nulla
1523 4321 1641 4379 manet.

608 4425 658 4481 set
681 4417 874 4498 quicumque
898 4423 1023 4496 tamen,
1049 4424 1157 4482 nostro
1181 4416 1258 4499 quia
1281 4416 1390 4482 doctor
1412 4417 1446 4481 in
1469 4437 1549 4482 aevo

695 4520 822 4599 uixisti,
849 4521 908 4585 hoc
931 4529 1072 4586 nostrum
1096 4540 1212 4585 muuus
1236 4520 1369 4595 habeto,
1398 4521 1481 4586 vale.

361 4797 411 4852 la,
448 4804 462 4849 :t
483 4802 555 4861 Verg.
576 4804 641 4849 Aen.
664 4802 699 4847 lll
718 4800 751 4848 94
770 4800 849 4860 stlrpe
869 4808 1000 4861 parentum

362 5041 393 5088 rt
413 5043 511 5089 aeditus
530 5040 556 5101 V,
576 5039 787 5101 aedituusLupd.
879 5038 909 5086 ‘27
930 5025 1012 5087 ‹itlidrl
1031 5040 1050 5085 V
1059 5056 1121 5088 corr.
1138 5039 1219 5099 Lapa.
1311 5039 1343 5088 28
1362 5043 1455 5101 genitis
1472 5041 1499 5101 V,
1519 5043 1602 5100 gentis
1616 5041 1698 5102 Laod.
1794 5041 1827 5090 30
1844 5056 1906 5104 oper

278 5128 305 5187 V,
324 5141 398 5189 opera
417 5127 496 5187 Laqd.
605 5126 637 5174 33
656 5141 726 5173 mere
744 5125 805 5174 edd.
821 5123 902 5184 Lapd.
1008 5131 1063 5186 port
1081 5143 1105 5174 e.
1125 5127 1157 5175 34
1175 5127 1235 5174 haec
1253 5132 1312 5174 eant
1330 5131 1421 5187 καίρια
1439 5131 1465 5175 in
1482 5127 1502 5173 V
1519 5130 1547 5175 in
1564 5129 1667 5175 ulterius
1684 5128 1815 5176 mlum
1832 5129 1906 5176 initio

274 5215 406 5263 Ammonio
429 5215 563 5261 ArraatasIo
587 5196 721 5272 grrr'i'ratieo
740 5194 881 5260 Pictaniori'l
900 5217 922 5259 et
942 5215 1009 5260 iustu
1029 5214 1056 5260 in
1073 5228 1124 5273 ηις.
1144 5228 1177 5261 m.
1199 5218 1250 5261 ruat.
1272 5220 1380 5261 metrum
1399 5215 1442 5274 qul
1461 5227 1537 5275 supra
1660 5213 1692 5262 37
1712 5214 1788 5263 (lauat
1809 5213 1832 5260 V
1848 5214 1905 5275 (da-

274 5303 316 5348 bas
334 5297 371 5347 m²
388 5302 467 5361 rmlqo)
573 5301 606 5348 39
626 5299 774 5361 implacidus
797 5299 849 5346 rou
954 5298 987 5346 ll
1006 5306 1081 5361 pente
1105 5300 1124 5345 V
1144 5301 1215 5361 (corr.
1236 5297 1281 5358 mli
1390 5300 1423 5348 to
1442 5297 1491 5366 lbi]
1509 5301 1552 5347 ubi
1572 5300 1656 5362 Lupd.
1676 5303 1748 5361 oolpo

361 5380 410 5436 12.
448 5387 569 5434 Erculano
591 5386 611 5431 V
721 5386 820 5445 graffum
840 5386 919 5433 Burdi
944 5386 963 5431 V
1076 5384 1090 5433 2
1110 5401 1161 5433 rem
1179 5386 1237 5435 odd.
1259 5386 1325 5434 Seul.
1446 5387 1460 5433 3
1480 5388 1545 5435 scole
1567 5387 1588 5433 V
1703 5387 1860 5450 hpltagorel
1885 5388 1909 5435 V

274 5475 289 5518 o
309 5464 420 5534 praemi-s
443 5473 461 5519 V
480 5474 497 5533 li
516 5476 590 5534 eros.)
698 5472 770 5518 lours
793 5472 813 5517 V

362 5552 411 5609 18.
449 5560 549 5606 Talasso
573 5559 597 5615 V,
617 5559 746 5605 Thalassio
767 5558 822 5606 Toll
943 5558 1024 5618 gr‘m‘co
1048 5559 1066 5604 V
1189 5548 1301 5618 ll'rdlgal
1326 5559 1345 5605 V
1486 5559 1494 5606 l
1518 5559 1641 5608 rherum
1665 5559 1691 5615 V,
1713 5559 1827 5609 Thalassi
1848 5558 1906 5609 Μ

274 5643 371 5692 Inihll
395 5645 423 5705 V,
443 5645 478 5692 uil
497 5645 564 5693 Saul.
673 5644 687 5691 5
707 5651 731 5691 ta
749 5650 847 5692 tautum
865 5646 938 5704 volco
1043 5644 1166 5693 suasero
1188 5645 1207 5690 V
1225 5647 1307 5705 (abeto
1324 5642 1369 5706 πθ]
