4358 6234
831 344 1061 402 ssnurnsvn
1080 343 1195 400 66616
1216 345 1315 411 (vum.
1846 353 1886 414 27

262 537 431 620 stringere.
480 540 533 602 62.
563 556 758 619 quamquam
787 555 837 601 me
863 535 957 600 istam
980 533 1118 600 dixerim
1141 535 1324 618 seposuisse
1347 536 1515 601 materiam
1538 544 1571 602 et
1591 536 1626 601 in
1647 545 1775 622 tempus
1798 537 1887 603 aliud

213 661 242 701 rs
261 659 441 724 reservare,
467 640 676 706 nihilominus
698 645 824 720 tamen,
850 644 885 703 ut
906 657 990 702 nnnc
1012 638 1122 719 aliqua
1145 637 1347 721 contingam,
1374 644 1453 704 nutu
1477 647 1509 705 et
1530 661 1629 725 prope
1651 661 1811 707 murmure
1834 661 1888 707 co-

262 746 439 811 hortantur.
486 745 596 828 itaque
618 742 754 824 faciam,
781 740 909 825 quando
932 748 1050 824 cogunt
1072 742 1246 807 volentem:
1284 743 1341 807 sed
1364 742 1540 808 maioribus
1563 744 1721 827 separatis
1744 745 1889 810 tenuiora

263 848 461 931 memorabo,
487 848 578 914 nulla
600 867 658 931 spe
680 845 723 911 ad
746 846 876 929 plenum
900 843 1099 926 exequendi,
1130 843 1188 908 sed
1210 845 1351 910 universi
1375 853 1409 910 ut
1432 845 1625 929 intellegant
1647 866 1772 927 eorum,
1805 867 1888 930 quae

261 951 296 1015 in
317 958 349 1017 te
372 949 592 1036 praedicanda
614 957 699 1029 sunt,
724 969 746 1011 a
768 967 819 1012 me
840 946 1034 1031 poscendam
1058 966 1130 1012 esse
1152 947 1307 1028 notitiam,
1338 948 1379 1012 ab
1403 948 1478 1013 aliis
1502 948 1702 1032 dIgnitatem.
1750 970 1809 1016 nec
1831 970 1889 1015 ex-

263 1053 424 1133 cellentia,
449 1053 508 1119 sed
531 1052 690 1118 cotidiana
712 1051 866 1116 tractabo.

349 1156 458 1222 XIIII.
484 1160 538 1221 63.
563 1155 696 1221 Nullum
719 1160 753 1219 tu
776 1173 928 1237 umquam
951 1153 1037 1219 diem
1060 1154 1101 1218 ab
1124 1153 1346 1219 adnleseentia
1368 1161 1425 1219 tua
1446 1154 1508 1219 nisi
1531 1154 1663 1220 adorato
1686 1156 1738 1223 dei
1759 1156 1890 1224 numine

263 1266 296 1325 et
317 1279 391 1324 reus
413 1259 479 1325 voti
502 1267 534 1324 et
555 1258 629 1324 ilico
652 1258 819 1323 absolutus
843 1257 956 1341 egisti,
989 1258 1087 1323 lautis
1111 1257 1274 1338 manibus,
1310 1265 1417 1323 mente
1440 1278 1536 1343 pura,
1570 1259 1791 1326 inmaculabili
1814 1280 1890 1328 con-

263 1361 399 1429 scientia
420 1368 463 1441 et,
489 1361 573 1445 quod
595 1361 629 1425 in
650 1360 762 1446 paucis
778 1367 837 1443 est,
864 1360 1057 1442 cogitatione
1073 1360 1211 1426 sincera.
1259 1364 1311 1424 64.
1338 1360 1429 1426 66166
1447 1368 1554 1426 autem
1572 1383 1721 1445 umquam
1738 1382 1890 1447 egressus

262 1465 458 1550 auspicatior
486 1465 548 1530 fuit
575 1470 631 1529 aut
658 1464 804 1530 incessus
834 1462 1009 1529 modestior
1035 1469 1091 1528 aut
1112 1463 1267 1529 habitudo
1291 1463 1457 1530 cohibitior
1479 1472 1535 1529 aut
1558 1465 1727 1531 familiaris
1756 1466 1889 1532 habitus

229 1590 243 1629 s
262 1567 487 1635 condecentior
509 1576 564 1634 aut
586 1567 736 1634 militaris
757 1566 950 1633 accinctior?
975 1567 1008 1632 in
1031 1566 1210 1633 exercendo
1233 1587 1364 1652 corpore
1386 1566 1459 1650 quis
1482 1586 1609 1633 cursum
1631 1575 1696 1634 tam
1720 1569 1891 1652 perniciter

262 1671 429 1738 incitavitt
449 1672 521 1756 quis
544 1672 739 1756 palaestram
762 1677 828 1736 tam
851 1669 993 1736 lubricus
1016 1669 1201 1754 expedivit?
1225 1671 1297 1754 quis
1321 1672 1438 1736 saltum
1455 1671 1488 1735 in
1503 1676 1569 1736 tam
1586 1671 1722 1738 sublime
1739 1672 1892 1757 collegit?
1992 1684 1995 1689 ’

263 1794 356 1841 nemo
378 1775 550 1841 adductius
573 1774 680 1840 iacula
702 1772 864 1853 contorsit,
891 1793 984 1838 nemo
1007 1773 1133 1857 spicula
1155 1774 1297 1840 crebrius
1319 1773 1395 1839 iecit
1418 1779 1475 1839 ant
1496 1774 1617 1840 certius
1639 1774 1800 1841 destinata
1815 1797 1890 1861 per-

262 1879 372 1944 cussit.
421 1882 474 1943 65.
499 1877 694 1942 mirabamur
716 1883 855 1962 poetam,
883 1875 938 1958 qui
959 1875 1103 1942 infrenos
1128 1876 1253 1943 dixerat
1267 1876 1437 1957 Numidas,
1464 1883 1497 1943 et
1518 1878 1665 1960 alterum,
1692 1879 1747 1962 qui
1763 1879 1891 1945 116661-

168 1970 176 1985 ’
262 1983 397 2066 legerat,
423 1989 458 2047 ut
479 1981 601 2047 diceret
622 1980 656 2045 in
679 1980 853 2063 equitando
875 1981 1011 2045 verbera
1033 1987 1066 2045 et
1087 1988 1259 2065 praecepta
1282 2001 1355 2047 esse
1379 1981 1476 2064 fugae
1499 1987 1532 2046 et
1551 1988 1724 2067 praecepta
1740 1981 1887 2048 sistendi.

213 2104 242 2146 re
262 2086 429 2151 obscurum
458 2085 518 2150 hoc
547 2083 640 2149 nobis
669 2083 852 2167 legentibus
883 2090 962 2149 erat.
1008 2082 1227 2148 intelleximus
1250 2089 1282 2148 te
1305 2084 1469 2167 videntes,
1502 2105 1573 2150 cum
1599 2084 1686 2150 idem
1709 2105 1817 2151 arcum
1841 2085 1892 2151 in-

262 2188 412 2254 tenderes
442 2194 475 2254 et
504 2187 648 2253 habenas
677 2187 856 2253 remitteres
882 2193 939 2251 aut
960 2205 1076 2269 equum
1100 2186 1231 2269 segnius
1254 2194 1381 2252 euntem
1405 2187 1537 2253 verbere
1560 2187 1737 2254 concitares
1760 2188 1812 2254 vel
1835 2210 1891 2255 eo-

262 2290 335 2355 dem
358 2291 492 2357 verbere
514 2290 792 2375 intemperantiam
816 2289 1013 2356 coherceres.
1062 2288 1116 2371 qui
1139 2295 1171 2355 te
1194 2289 1256 2354 visi
1281 2296 1355 2355 sunt
1378 2289 1458 2354 haec
1481 2289 1639 2370 docuisse,
1666 2311 1730 2356 non
1745 2290 1885 2358 faciunt:

261 2393 358 2459 immo
387 2393 442 2477 qni
470 2393 532 2459 visi
559 2400 633 2459 sunt
659 2393 824 2474 docuisse,
858 2412 942 2457 nunc
964 2391 1102 2457 discunt.
1150 2395 1203 2456 66.
1228 2391 1262 2457 in
1286 2391 1365 2457 cibis
1387 2399 1495 2457 autern
1518 2392 1609 2458 cuius
1633 2393 1809 2460 sacerdotis
1831 2395 1890 2459 ab·

262 2496 431 2563 stincutior
453 2495 669 2562 caerimonia?
704 2496 740 2561 in
760 2495 835 2561 vino
858 2494 948 2561 cuius
971 2493 1058 2560 senis
1081 2514 1193 2560 mensa
1215 2494 1391 2578 frugalior?
1428 2501 1538 2579 operto
1568 2496 1731 2561 conclavis
1758 2496 1804 2561 tui
1827 2516 1890 2563 non

213 2621 243 2661 ι6
263 2600 402 2666 66661166
422 2620 481 2665 ara
502 2598 658 2681 Vestalis,
684 2619 746 2664 non
770 2598 929 2684 pontificIs
953 2598 1058 2664 cubile
1082 2597 1202 2664 castius
1225 2618 1285 2664 nec
1307 2597 1456 2682 pulvinar
1478 2597 1616 2664 flaminis
1639 2606 1704 2664 tam
1724 2598 1886 2683 pudicum.

263 2706 315 2768 67.
340 2701 373 2767 16
396 2701 511 2768 officiis
533 2702 707 2768 amicorum
730 2723 793 2768 non
816 2702 888 2769 dico
910 2701 1001 2786 paria
1024 2700 1149 2766 reddis:
1184 2701 1351 2767 antevenis
1375 2708 1422 2786 et,
1457 2702 1604 2784 quotiens
1626 2701 1660 2766 in
1683 2702 1889 2785 obsequendo

262 2805 504 2891 praecedimus,
535 2805 698 2871 crubescis
723 2806 847 2890 pudore
869 2812 935 2870 tam
959 2805 1112 2885 obnoxio,
1144 2826 1241 2888 quam
1264 2805 1297 2869 in
1320 2804 1413 2869 nobis
1436 2824 1508 2870 esse
1531 2804 1664 2871 deberet
1686 2805 1728 2870 ab
1750 2804 1891 2890 impera-

261 2917 329 2976 tore
351 2908 547 2993 praeventis.
593 2908 627 2974 in
650 2908 708 2974 illa
730 2928 806 2973 vero
830 2908 925 2986 sede,
959 2913 994 2973 ut
1015 2928 1056 2973 ex
1078 2928 1166 2973 more
1189 2907 1366 2991 loquimur,
1400 2907 1597 2989 consistorii,
1632 2914 1667 2974 ut
1689 2927 1750 2990 ego
1772 2907 1886 2990 sentio,

262 3013 394 3078 sacrarii
417 3012 480 3094 tui,
514 3011 623 3076 nullus
652 3031 802 3094 umquam
834 3011 1033 3096 superiorum
1062 3018 1119 3076 aut
1146 3009 1284 3076 dicenda
1306 3010 1437 3095 pensius
1460 3011 1615 3094 cogitavit
1635 3016 1692 3076 aut
1713 3010 1890 3077 consultius

212 3135 243 3178 ro
263 3115 405 3199 cogitata
426 3113 586 3200 disposuit
608 3121 663 3179 aot
685 3114 844 3199 disposita
866 3114 1022 3180 maturius
1045 3113 1221 3199 expedivit.

348 3217 421 3282 XV.
447 3220 499 3282 68.
525 3217 567 3283 Et
587 3217 698 3299 aliqua
720 3217 925 3283 decretoriis
941 3216 1112 3283 virtutibus
1131 3217 1195 3282 tuis
1212 3216 1361 3296 dicerem,
1389 3215 1452 3281 nisi
1468 3236 1595 3282 vererer
1610 3215 1688 3281 mihi
1703 3216 1889 3300 gratificari.

263 3340 325 3386 non
348 3320 432 3387 enim
450 3320 614 3405 Sulpicius
635 3321 738 3386 acrior
759 3320 793 3385 in
816 3319 1016 3386 contionibus
1038 3340 1097 3386 nec
1120 3319 1250 3385 maioris
1266 3318 1405 3384 Gracchi
1427 3319 1712 3385 commendabilior
1733 3320 1892 3385 modestia

262 3424 324 3490 fuit
344 3444 404 3490 uec
428 3423 528 3509 patris
550 3423 597 3490 tui
620 3423 749 3508 gravior
770 3424 955 3490 auctoritas.
1003 3424 1057 3508 qui
1080 3430 1171 3489 tenor
1192 3422 1298 3504 vocis,
1325 3442 1396 3487 cum
1420 3422 1553 3488 incitata
1574 3421 1778 3507 pronuntias!
1805 3444 1891 3507 quae

262 3526 403 3607 inflexio,
430 3547 502 3593 cum
525 3527 677 3592 remissa!
716 3547 799 3611 quae
822 3528 1020 3612 temperatio,
1048 3547 1120 3592 cum
1145 3534 1278 3608 utraque
1302 3525 1489 3610 dispensas!
1528 3525 1602 3607 quis
1624 3535 1782 3592 oratorum
1806 3527 1891 3593 laeta

230 3629 441 3711 siucundios,
469 3629 609 3696 facunda
632 3630 759 3709 cultius,
786 3630 965 3714 pugnantia
988 3629 1131 3712 densius,
1158 3628 1293 3694 densata
1309 3627 1518 3711 glomeratius
1533 3636 1590 3694 aut
1611 3628 1692 3694 dixit
1711 3636 1777 3711 aut,
1804 3630 1889 3712 quod

263 3740 313 3799 est
335 3732 478 3813 liberius,
503 3731 678 3815 cogitavit?
723 3736 775 3796 69.
802 3733 935 3813 vellem,
971 3733 1000 3797 si
1022 3752 1127 3797 rerum
1150 3737 1264 3796 natura
1286 3737 1466 3816 pateretur,
1502 3732 1683 3817 Xenophon
1706 3732 1829 3812 Attice,
1855 3732 1889 3797 in

263 3856 378 3902 aevum
400 3842 543 3901 nostrum
565 3835 710 3917 venires,
743 3842 776 3901 tu
808 3836 862 3919 qui
894 3835 935 3900 ad
959 3835 1035 3920 Cyri
1066 3835 1200 3900 virtutes
1231 3834 1439 3918 exequendas
1461 3844 1569 3901 votum
1592 3836 1697 3921 potius
1721 3856 1818 3917 quam
1841 3835 1892 3900 hi-

263 3939 393 4005 storiam
416 3939 636 4020 commodasti,
663 3959 734 4004 cum
758 3938 892 4020 diceres,
921 3960 983 4005 non
1006 3938 1112 4023 qualis
1135 3945 1229 4019 esset,
1262 3938 1320 4004 sed
1343 3938 1448 4022 qualis
1471 3958 1543 4004 esse
1566 3939 1709 4005 deberet.
1757 3939 1783 4004 si
1807 3960 1892 4006 nunc

349 4251 435 4300 XIIII.
457 4249 473 4299 8
492 4252 564 4314 Verg.
585 4253 650 4300 Aen.
671 4251 772 4301 111141
793 4251 917 4299 Numidae
935 4251 1031 4298 1616661

350 4337 408 4387 XV.
428 4337 444 4386 2
464 4337 515 4386 Cle.
537 4338 570 4385 de
589 4353 623 4388 or.
646 4339 669 4385 ll
688 4337 730 4399 21,
752 4337 785 4387 86
804 4339 936 4387 66611666.
955 4374 960 4385 .
978 4373 983 4385 .
1000 4339 1074 4385 661661
1088 4338 1247 4385 61666611616
1263 4373 1268 4383 .
1284 4371 1291 4385 .
1308 4372 1314 4384 .
1329 4336 1412 4384 verbis
1425 4338 1648 4384 effervescentibus
1753 4337 1768 4386 'i
1788 4338 1840 4387 Cle.
1861 4339 1892 4386 66

266 4424 295 4482 0.
317 4423 344 4472 1².
364 4425 377 4472 I
398 4423 421 4486 1,
442 4422 458 4472 8
477 4422 557 4483 Cyrus
576 4424 619 4472 1116
637 4440 651 4471 6
670 4424 836 4486 Xenophonte
856 4437 904 4471 non
923 4424 953 4471 66
972 4424 1089 4472 61616666
1108 4423 1183 4470 fidem
1202 4423 1319 4483 scriptus,
1341 4423 1383 4470 666
1402 4422 1432 4469 66
1451 4422 1560 4482 eldglem
1580 4423 1641 4470 16611
1660 4424 1760 4484 imperii

354 4713 553 4763 16166666611
670 4713 701 4763 18
721 4716 748 4763 in
767 4721 792 4762 te
809 4713 864 4779 χυῖ,
888 4716 954 4762 16166
974 4712 1079 4775 111161,
1100 4688 1204 4761 rnred¹¹⁸
1220 4728 1238 4774 p
1260 4715 1309 4773 (ius
1327 4709 1384 4773 ml),
1405 4709 1642 4773 16166116666166
1759 4712 1892 4775 1966611·

265 4799 340 4848 61666
361 4798 497 4867 Tpp²1b²E

352 4896 437 4946 11111.
461 4897 697 4946 16661666661166
804 4896 939 4944 21111666
1047 4896 1262 4943 166666661661111
1367 4893 1696 4941 166611661666111661611
1799 4895 1892 4942 5666-

263 4983 391 5032 dcceutlor
414 4981 548 5045 11611161,
573 4984 700 5032 decentior
717 4988 763 5032 cei.
870 4982 1078 5044 dexpediuntur
1099 4980 1125 5027 M
1229 4983 1359 5041 collegitur
1378 4979 1404 5026 M
1509 4978 1654 5028 81666666
1674 4978 1701 5024 11
1721 4981 1803 5039 (Vcrp.
1827 4981 1888 5030 Aea.

264 5068 364 5130 1750)
474 5069 501 5118 11
523 5059 627 5129 eegdrus
643 5070 663 5115 I'
769 5068 800 5117 12
819 5069 1047 5130 imtemporautium
1069 5067 1089 5113 T
1110 5067 1182 5125 (6666.
1201 5066 1246 5127 161)
1354 5062 1858 5126 666611,666.161661,666661.66166

248 5165 387 5250 'doculese,
407 5173 467 5220 heec
486 5172 621 5220 Mommsen
753 5171 782 5220 13
803 5174 852 5219 1666
872 5171 899 5217 11
1032 5169 1061 5219 15
1081 5143 1115 5221 dd>
1136 5171 1254 5232 puluinar
1275 5170 1295 5215 Τ
1425 5169 1508 5216 duritie
1528 5167 1555 5214 M
1674 5167 1794 5230 pudicum
1814 5171 1847 5231 66
1871 5169 1892 5215 11

265 5257 297 5308 16
314 5242 369 5322 prii
387 5257 415 5305 M
519 5259 589 5306 reddi
608 5275 639 5318 ω,
659 5260 742 5306 reddis
762 5257 892 5306 Acidaliae
999 5252 1414 5319 11666666611666111611116
1432 5256 1491 5313 my.)
1602 5252 1633 5302 16
1652 5255 1784 5315 praeuecti
1805 5252 1833 5300 M

349 5352 407 5403 XV.
430 5353 440 5402 I
463 5354 515 5403 1616
534 5353 719 5402 616161166611
840 5366 951 5400 66666666
971 5352 998 5398 11
1119 5352 1134 5400 2
1153 5352 1278 5412 sulpicius
1295 5350 1465 5424 6661611166
1482 5353 1528 5395 eci.
1652 5350 1892 5397 conmendabillcrc

1309 5426 1370 5455 osius

262 5472 391 5523 11611666
409 5472 438 5520 11
572 5473 587 5521 5
606 5474 737 5522 166666166
759 5473 810 5519 Τ11
931 5471 1047 5519 secundia
1066 5471 1095 5518 M
1214 5472 1374 5530 glomeratius
1395 5470 1425 5530 Τ,
1446 5471 1609 5529 glomerosius
1629 5468 1658 5515 M
1676 5472 1708 5531 (61
1726 5467 1753 5515 h2
1771 5470 1798 5516 16
1815 5469 1890 5531 mc),

260 5558 442 5623 glomereutlue
459 5561 477 5622 1,
507 5560 667 5621 glomeratim
684 5564 729 5607 eei.
870 5558 885 5607 6
904 5559 1011 5606 liberum
1030 5574 1061 5620 ω,
1086 5558 1190 5606 11666166
1208 5555 1339 5604 Acidaliae
1479 5555 1599 5603 6611661
1738 5555 1816 5603 16161
1838 5554 1858 5600 Τ

261 5646 398 5709 1661661661
418 5645 448 5695 M
549 5644 720 5697 8666666611
741 5645 763 5692 Τ

1647 5741 1684 5793 40
