4358 6234
536 284 727 340 APPENDIX
747 286 792 348 (V.
813 284 993 340 MERVLAE
1012 285 1060 339 ET
1079 284 1241 341 VGOLETI
1259 282 1558 347 EPIGRAMMATA).

571 473 647 539 talis
670 495 774 556 eram,
800 475 944 541 sednon
966 475 1056 540 Maro
1073 495 1175 562 ‘quam
1197 475 1275 540 mihi
1297 474 1390 541 finxit
1410 483 1479 541 erat
1501 496 1590 540 mens

658 578 726 644 rita
747 598 807 643 nec
829 578 960 644 incestis
982 578 1073 644 laesa
1095 578 1308 663 cupidinibus.

508 703 521 741 ι
573 700 712 762 namque
735 700 794 746 neo
815 680 943 747 Aeneas
966 681 1048 748 vidit
1068 702 1119 747 me
1141 682 1256 747 Troius
1279 700 1419 765 unquam

660 805 720 851 nec
743 785 878 871 Lybiam
901 785 1033 852 advenit
1055 786 1213 851 classibus
1235 785 1359 864 Iliacis,

575 888 634 955 sed
656 888 757 953 furias
779 888 907 972 fugiens
929 895 1024 972 atque
1046 909 1136 954 arma
1157 889 1300 974 procacis
1322 888 1462 955 Hiarbae

628 1068 633 1077 ,
662 992 808 1073 servavi,
835 992 954 1075 fateor,
980 998 1079 1058 morte
1103 992 1304 1077 ροᾰίοἰιὶοιιι,

576 1102 703 1182 pectore
723 1096 877 1161 transfixo
901 1103 1005 1174 casto,
1031 1095 1116 1179 quod
1138 1096 1273 1181 perculit
1294 1096 1398 1178 ensis,

496 1219 523 1258 ιι
662 1219 726 1264 non
748 1198 836 1264 furor
856 1209 913 1264 aut
933 1200 1023 1266 laeso
1045 1199 1163 1272 crudus
1185 1220 1292 1265 amore
1315 1200 1415 1265 dolor.

577 1303 624 1369 sio
645 1301 800 1367 cecidisse
820 1300 927 1368 iuvat:
954 1303 1020 1368 vixi
1043 1303 1113 1368 sine
1135 1305 1266 1369 volnere
1289 1302 1410 1380 famae.

663 1406 732 1470 ulta
753 1405 855 1470 virum
878 1405 991 1491 positis
1014 1407 1180 1473 moenibus
1202 1406 1334 1492 oppetii.

577 1508 690 1574 invida
711 1529 767 1573 cur
788 1509 821 1574 in
843 1530 894 1577 me
917 1510 1088 1576 stimulasti
1110 1511 1204 1576 Musa
1225 1511 1406 1588 Maronem,

664 1612 801 1694 fingeret
821 1619 856 1678 ut
876 1621 1004 1679 nostrae
1027 1612 1145 1679 damna
1167 1613 1363 1699 pudicitiae?

497 1733 527 1774 ¹⁵
580 1703 765 1786 V⁰⁸11¹³31⁸
788 1715 964 1798 historicis,
989 1717 1138 1797 lectores,
1166 1716 1285 1782 credite
1308 1716 1349 1782 de
1372 1738 1422 1782 me

667 1836 764 1898 quam
787 1819 841 1902 qui
862 1819 948 1884 furta
970 1820 1065 1885 deum
1088 1820 1337 1903 concubitusque
1360 1829 1477 1886 canunt

581 1919 722 1985 falsidici
744 1929 854 2004 vates,
879 1929 1036 1988 temerant
1057 1923 1111 2006 qui
1134 1922 1274 1989 carmine
1296 1943 1405 1989 vemm

669 2024 880 2108 humanisque
902 2025 980 2091 deos
1001 2026 1184 2092 assimilant
1205 2027 1302 2092 vitiis.

611 2387 669 2453 DE
692 2388 966 2456 MATRIMONIO
989 2389 1261 2482 GRAMMATICI
1283 2389 1510 2456 INFAVSTO.

472 2560 531 2624 III.
586 2561 685 2625 Arma
706 2560 872 2645 vimmque
894 2560 1012 2627 docens
1034 2567 1132 2645 atque
1152 2582 1243 2627 arma
1263 2561 1430 2644 virumque
1452 2561 1573 2646 peritus

673 2685 736 2730 non
760 2665 838 2731 duxi
860 2686 1008 2748 uxorem,
1035 2665 1093 2731 sed
1114 2666 1220 2749 magis
1242 2686 1332 2731 arma
1353 2664 1494 2730 domum.

588 2788 726 2851 namque
749 2768 820 2834 dies
841 2775 924 2834 totos
945 2775 1092 2852 totasque
1114 2789 1154 2835 ex
1177 2769 1288 2835 ordine
1311 2775 1420 2835 noctes

674 2871 785 2938 litibus
807 2880 972 2958 oppugnat
993 2894 1109 2955 meque
1131 2893 1301 2956 meumque
1322 2873 1423 2937 larem

523 2996 536 3034 r
588 2981 685 3057 atque
707 2981 742 3040 ut
764 2975 929 3060 perpetuis
952 2977 1062 3042 dotata
1082 2998 1103 3042 a
1125 2977 1226 3042 Marte
1249 2975 1367 3043 duellis

675 3098 765 3143 arma
786 3079 820 3144 in
842 3099 893 3144 me
914 3079 999 3146 tollit
1019 3099 1079 3145 neo
1100 3079 1195 3145 datur
1216 3080 1283 3145 ulla
1306 3080 1407 3163 quies.

590 3181 719 3263 iamque
741 3181 932 3267 repugnanti
954 3182 1072 3249 dedam
1094 3203 1161 3263 mc,
1189 3189 1225 3249 ut
1246 3182 1383 3265 denique
1407 3181 1486 3248 vitet

677 3285 782 3370 iurgia
805 3286 845 3352 ob
867 3287 928 3352 hoc
949 3286 1072 3366 solum,
1098 3286 1203 3370 iurgia
1224 3285 1310 3369 quod
1330 3285 1466 3368 fugiam.

865 3651 922 3716 os
944 3634 1112 3718 nomon
1135 3649 1274 3717 mono.
1320 3630 1325 3639 '

467 3823 544 3888 IIII.
596 3825 700 3888 Sanus
723 3824 814 3908 piger
835 3822 992 3890 febriente
1014 3823 1113 3889 multo
1135 3828 1185 3888 est
1205 3820 1353 3905 nequior:

595 3933 686 4011 potat
708 3926 841 4011 duplum
864 3925 1030 4013 dapesque
1052 3926 1199 4011 duplices
1221 3924 1363 3991 devorat.

352 4223 383 4273 10
401 4225 475 4285 Vorg.
498 4226 562 4276 Aen.
583 4225 606 4272 V
625 4225 640 4273 5
658 4225 715 4273 duri
734 4239 821 4285 magno
840 4224 884 4273 scd
901 4239 983 4273 amore
1000 4225 1096 4274 dolores
1113 4224 1209 4287 polluto
1316 4221 1345 4271 12
1364 4223 1439 4283 Verg.
1462 4224 1526 4272 Aen.
1547 4223 1595 4269 llll
1614 4221 1710 4284 bbbsq.
1733 4224 1785 4270 ultr
1803 4222 1884 4269 virum

266 4347 294 4362 ..
314 4349 319 4359 .
341 4313 425 4360 urbem
445 4312 592 4373 praeclaram
612 4312 697 4371 stetui,
719 4325 774 4360 mea
791 4312 889 4360 moenia
906 4311 957 4359 vidi
978 4311 1021 4373 (rte
1041 4309 1151 4372 Meretri„
1172 4310 1272 4371 Μοιιορ.
1292 4313 1349 4368 ult,
1370 4310 1461 4370 ὅριοι.)

318 4390 324 4402 '
351 4399 399 4446 lll.
436 4398 514 4448 anth.
536 4398 588 4448 ΡιΙ.
608 4400 685 4447 Vllll
705 4397 753 4447 168
774 4399 853 4459 (Plan.
874 4399 886 4446 l
907 4397 946 4458 17,
970 4397 980 4446 1
1002 4392 1133 4458 Habete)
1153 4391 1198 4453 Εἰς
1215 4396 1263 4464 τὴν
1282 4393 1373 4448 ἑαυτοῦ
1391 4398 1499 4464 γυναῖκα
1515 4385 1703 4465 Ἀνδρομάχην

676 4479 760 4553 Μῆνιν
779 4481 922 4552 οὐλομένην
940 4481 1054 4553 γαμετὴν
1073 4480 1087 4533 d
1104 4479 1183 4540 τάλας
1201 4479 1351 4552 γεράμηιοι,

746 4568 789 4621 rol
806 4568 876 4641 παρὰ
892 4575 939 4639 τῆς
956 4568 1048 4640 τέχνης
1067 4567 1174 4637 μήνιδος
1192 4565 1342 4636 ἀρξάμενος.

677 4658 745 4724 ὤμοι
763 4655 814 4727 ἐγὼ
832 4653 987 4725 πολὺμηνις,
1009 4655 1078 4727 ἔχων
1096 4653 1237 4728 διχόλωτον
1255 4653 1384 4724 ἀνάγκην,

745 4741 839 4813 τέκνον
857 4747 1037 4812 urceorum:
1054 4739 1099 4794 καὶ
1115 4747 1229 4811 romb
1247 4739 1374 4812 culeo:-

354 4831 414 4879 1111.
453 4831 522 4880 Stob.
543 4832 607 4879 Flor.
629 4832 702 4878 XXX
721 4830 735 4879 'l
755 4825 904 4899 Μενάνδρου
920 4823 1125 4899 Ἐπιτριπόντων
1145 4830 1232 4892 (Malu.
1253 4830 1292 4879 Fr.
1314 4829 1382 4878 Corn.
1403 4829 1450 4875 llll
1473 4818 1723 4889 119Μοιι.Ἐιιιτρ.
1745 4823 1796 4883 ¹¹l²

679 4907 769 4987 Ἀργος
788 4911 811 4966 δ’
832 4913 950 4983 ὑγιαίνων
967 4918 1013 4968 τοῦ
1031 4913 1198 4984 πυρέττοντος
1215 4911 1280 4966 πολὺ

680 4999 850 5073 ἀθλιώτερος,
872 5000 992 5054 διπλάσιοι
1009 5005 1069 5071 γοῦν
1089 4999 1167 5054 cetur
1186 5000 1279 5070 μάτην.

269 5088 302 5136 ci.
324 5088 392 5138 Men.
413 5088 481 5139 Mon.
501 5088 533 5139 34

357 5348 457 5397 flecta
478 5347 550 5400 γοοδ
566 5353 646 5411 volpe,
667 5353 732 5398 laesa
751 5351 866 5398 Heinsius
1022 5350 1038 5400 9
1057 5355 1137 5397 castos
1160 5344 1240 5410 feast,
1261 5353 1345 5396 castus
1366 5344 1454 5407 (colpe)
1474 5345 1512 5393 oet
1530 5348 1626 5392 castum
1647 5342 1712 5402 Tou,
1734 5345 1800 5388 casto
1817 5352 1859 5399 ιρο

272 5435 376 5496 pertulit
393 5449 467 5484 cosor
488 5434 563 5485 i'crr.⁴
578 5452 643 5486 coer.
667 5438 720 5485 Toll
825 5436 856 5487 10
873 5438 958 5486 lusus
980 5432 1060 5495 γοοδ,
1080 5437 1159 5483 bosca
1182 5433 1224 5494 Uo.
1245 5449 1269 5492 ο,
1290 5434 1358 5481 laeso
1377 5432 1432 5479 Por.
1541 5423 1841 5484 lacrimantum

359 5522 406 5570 111.
444 5523 483 5569 De
500 5523 613 5572 lufausto
631 5530 701 5573 matr.
722 5537 825 5586 gramm.
849 5523 895 5586 Uo.
909 5527 980 5585 οοιρο
1085 5521 1100 5570 4
1119 5526 1265 5584 oppugnant
1281 5516 1362 5580 Vend,
1382 5523 1510 5580 oppugnat
1533 5516 1575 5576 Uo.
1683 5511 1799 5561 odeat·
1818 5514 1894 5556 matre

278 5603 359 5668 Vin-³2
380 5607 464 5657 dotata
480 5625 496 5657 ι
513 5616 591 5659 marte
613 5607 688 5659 Verr.⁴
790 5611 804 5660 'l
824 5611 907 5659 uictor
931 5606 1012 5671 γοοδ,
1034 5610 1130 5657 uictum
1152 5606 1197 5668 Uo.
1210 5607 1290 5669 colpe,
1311 5606 1375 5655 vitet
1392 5605 1479 5654 florui
1582 5600 1598 5651 8
1616 5597 1861 5662 iugatamque
