4358 6234
286 289 345 350 128
1034 283 1189 339 AVSONII

282 476 430 540 materia.
476 475 511 540 in
533 474 756 559 expeditione,
784 473 870 557 quod
891 481 1036 558 tempus,
1063 481 1098 540 ut
1120 474 1194 557 scis,
1221 473 1371 540 licentiae
1393 473 1541 539 militaris
1563 481 1622 555 est,
1649 494 1748 560 super
1769 495 1910 542 mensam

283 599 387 643 meam
410 579 498 644 facta
521 586 570 644 est
593 579 755 657 invitatio,
788 599 851 643 non
873 578 931 642 illa
954 578 994 644 de
1018 578 1129 642 Rubrii
1152 577 1316 658 convivio,
1344 583 1380 642 ut
1402 576 1525 643 Graeco
1549 597 1636 643 more
1659 571 1839 659 biberetur,
1865 587 1913 644 set

281 681 403 747 iliade
427 683 535 747 Flacci
558 684 694 767 egloga,
727 682 761 746 in
791 702 855 764 qua
884 689 1013 767 propter
1043 681 1183 746 mediam
1212 688 1338 747 noctem
1368 687 1400 747 et
1429 701 1546 746 novam
1575 682 1684 747 lunam
1707 689 1740 748 et
1762 683 1912 748 Murenae

283 794 474 868 auguratum
498 794 605 851 ternos
628 794 677 852 ter
700 785 834 869 cyathos
856 786 1009 852 attonitus
1032 785 1114 870 petit
1142 791 1243 850 vates.
1292 784 1378 850 hunc
1408 787 1512 866 locum
1543 785 1583 852 de
1612 787 1752 851 ternario
1781 807 1956 853 numerous

283 888 357 954 ilico
380 897 489 954 nostra
510 891 568 955 illa
590 890 717 975 poetica
740 888 865 953 scabies
888 889 993 973 coepit
1015 889 1196 973 exculpere,
1223 888 1314 953 cuius
1329 890 1432 954 morbi
1447 889 1598 972 quoniam
1613 889 1710 956 facile
1730 890 1910 974 contagium

283 999 348 1072 est,
383 993 503 1058 utinam
535 993 578 1059 ad
607 1000 638 1058 te
669 1012 795 1076 quoque
825 993 955 1077 prurigo
985 993 1162 1076 commigret
1192 1000 1224 1057 et
1252 992 1326 1057 fuco
1355 1000 1429 1058 tuae
1460 993 1692 1059 emendationis
1715 992 1842 1058 adiecto
1863 994 1913 1057 in-

282 1095 398 1179 pingas
422 1098 631 1180 sphougiam,
666 1115 749 1179 quae
779 1095 991 1180 inperfectum
1014 1115 1095 1180 opus
1119 1095 1193 1178 equi
1220 1096 1304 1160 male
1328 1097 1506 1179 spumantis
1529 1095 1688 1161 absolvat.
1736 1116 1775 1160 ac
1797 1116 1838 1161 ne
1861 1117 1911 1160 me

282 1198 409 1263 nescias
440 1200 634 1281 gloriosum,
668 1208 796 1283 coeptos
825 1199 910 1265 iuter
938 1198 1159 1284 prandendum
1191 1199 1367 1264 versiculos
1396 1206 1471 1263 ante
1494 1219 1593 1265 cenae
1615 1205 1743 1283 tempus
1765 1199 1906 1264 absolsi:

281 1300 341 1365 hoc
364 1308 423 1382 est,
449 1302 525 1366 dum
548 1302 623 1367 bibo
646 1309 679 1367 et
701 1304 798 1387 paulo
821 1310 895 1367 ante
918 1324 1013 1386 quam
1037 1303 1192 1368 biberem.
1240 1303 1282 1367 sit
1304 1323 1381 1386 ergo
1404 1322 1541 1367 examen
1561 1322 1618 1387 pro
1634 1302 1769 1367 materia
1784 1312 1816 1368 et
1830 1310 1911 1367 tem·
1929 1322 1957 1363 a·

281 1424 369 1487 pore.
418 1412 468 1470 set
489 1411 522 1470 tu
547 1425 673 1488 quoque
697 1406 757 1470 hoc
779 1405 885 1489 ipsum
908 1406 1005 1489 paulo
1027 1405 1160 1469 hilarior
1183 1413 1215 1471 et
1243 1405 1375 1469 dilutior
1404 1405 1494 1488 lege:
1527 1425 1666 1488 namque
1688 1406 1839 1471 iniurium
1863 1415 1911 1471 est

281 1506 321 1572 de
345 1515 440 1591 poeta
462 1509 548 1573 male
572 1508 676 1572 sobrio
700 1509 851 1573 lectorem
875 1508 1066 1573 abstemium
1090 1507 1243 1573 iudicare.
1290 1528 1395 1589 neque
1418 1529 1469 1573 me
1491 1508 1577 1573 fallit
1592 1510 1659 1574 fore
1679 1509 1832 1591 aliquem,
1859 1510 1911 1593 qui

280 1611 365 1676 hunc
393 1612 499 1676 iocum
523 1618 665 1676 nostrum
689 1611 791 1676 acutis
814 1610 945 1675 naribus
969 1618 1001 1676 et
1024 1618 1174 1696 caperata
1197 1611 1301 1676 fronte
1324 1612 1514 1677 condemnet
1535 1619 1695 1696 negetque
1718 1632 1770 1677 me
1792 1613 1909 1691 omnia,

280 1735 362 1797 quae
384 1714 427 1779 ad
448 1716 622 1780 ternarium
646 1722 679 1780 et
701 1714 909 1779 novenarium
931 1734 1080 1779 numeros
1102 1715 1279 1799 pertinent,
1313 1715 1473 1797 attigisse.
1520 1736 1613 1799 quem
1644 1736 1705 1799 ego
1731 1735 1842 1781 verum
1865 1714 1914 1779 di-

280 1838 351 1883 cere
374 1818 515 1891 fatehor,
548 1819 632 1883 iuste
660 1818 798 1901 negabo.
846 1818 963 1902 quippe
987 1817 1014 1881 si
1038 1818 1139 1883 bonus
1163 1825 1227 1896 est,
1262 1838 1345 1900 quae
1369 1817 1477 1899 omisi,
1512 1839 1574 1883 non
1598 1819 1699 1884 oblita
1721 1818 1819 1901 mihi,
1854 1816 1911 1883 sed
1931 1840 1959 1880 rr,

280 1922 455 2004 praeterita
477 1922 650 1988 existimet.
699 1920 815 1986 dehinc
839 1920 1081 2003 qualiscumque
1105 1929 1163 2003 est,
1191 1921 1309 2005 cogitet
1331 1941 1449 2001 secum,
1478 1943 1573 2004 quam
1596 1923 1698 1987 multa
1720 1921 1762 1987 de
1778 1922 1829 1986 his
1850 1942 1912 1985 non

280 2025 485 2108 repperisset,
513 2026 540 2089 si
555 2025 627 2109 ipse
643 2025 834 2108 quaesisset.
883 2024 965 2089 sciat
981 2025 1078 2089 etiam
1094 2045 1145 2089 me
1161 2045 1265 2107 neque
1282 2025 1430 2090 omnibus
1446 2026 1545 2090 erutis
1561 2045 1653 2091 usum
1670 2032 1703 2091 et
1720 2026 1913 2108 quibusdam

279 2128 395 2193 oblatis
417 2130 566 2193 abusum.
613 2149 709 2212 quarn
739 2129 840 2193 multa
870 2129 955 2193 enim
978 2129 1019 2193 de
1042 2128 1181 2193 ternario
1205 2128 1311 2194 sciens
1334 2129 1487 2211 neclego:
1521 2136 1665 2214 tempora
1688 2137 1722 2195 et
1744 2149 1910 2213 personas,

279 2249 400 2313 genera
422 2239 455 2298 et
477 2232 609 2314 gradus,
636 2251 752 2296 novem
775 2232 936 2297 naturalia
958 2238 1060 2297 metra
1083 2253 1155 2297 eum
1178 2232 1338 2313 trimetris,
1369 2238 1469 2298 totam
1492 2233 1734 2316 grammaticum
1759 2240 1791 2298 et
1812 2234 1914 2297 musi·

279 2354 348 2398 cam
380 2335 544 2416 librosque
574 2335 772 2417 medicinae,
806 2342 855 2400 ter
883 2336 1058 2400 maximum
1083 2336 1223 2401 Hermen
1253 2342 1285 2400 et
1313 2343 1488 2400 amatorem
1518 2335 1654 2420 primum
1686 2335 1914 2420 philosophiae
1934 2357 1963 2398 ro

280 2437 493 2521 Varronisque
516 2458 677 2518 numeros,
704 2445 736 2502 et
758 2438 914 2522 quidquid
930 2438 1097 2523 profanum
1113 2438 1231 2521 vulgus
1247 2438 1386 2521 ignorat.
1433 2445 1604 2521 postremo,
1632 2439 1717 2522 quod
1733 2438 1831 2503 facile
1850 2446 1909 2515 est,

280 2561 350 2605 cum
374 2542 444 2626 ipse
467 2542 569 2606 multa
590 2543 757 2621 invenerit,
786 2549 937 2625 conparet
960 2562 995 2607 se
1018 2549 1114 2623 atque
1137 2561 1198 2621 me,
1226 2549 1416 2626 occupatum
1439 2563 1510 2607 cum
1533 2542 1643 2621 otioso,
1671 2562 1824 2626 pransum
1841 2561 1913 2606 euur

278 2645 452 2727 abstemio,
486 2645 590 2710 iocum
620 2652 651 2710 et
680 2645 790 2710 ludum
814 2665 937 2726 meum,
971 2645 1174 2728 diligentiam
1204 2652 1236 2711 et
1267 2645 1459 2710 calumniam
1483 2664 1585 2710 suam.
1633 2646 1717 2710 alius
1741 2646 1825 2710 enim
1848 2645 1915 2710 alio

279 2749 373 2832 plura
402 2748 547 2814 invenire
576 2754 699 2831 potest,
734 2768 827 2814 nemo
857 2747 973 2812 omnia.
1021 2748 1106 2831 quod
1137 2749 1164 2812 si
1195 2748 1292 2813 alicui
1322 2754 1354 2814 et
1375 2749 1529 2813 obscurus
1552 2747 1703 2828 videbor,
1737 2755 1915 2833 aputeum

281 2873 332 2916 mc
356 2852 403 2917 sic
425 2852 576 2917 tuebere:
602 2851 738 2936 primum
762 2849 919 2917 eiusmodi
942 2851 1075 2935 epyllia,
1102 2851 1163 2916 nisi
1187 2853 1240 2917 vel
1263 2852 1399 2916 obscura
1422 2851 1503 2933 sint,
1533 2851 1612 2915 nihil
1636 2851 1763 2916 futura:
1796 2851 1916 2916 deiude
1936 2874 1966 2913 sa

366 3198 396 3246 13
416 3198 467 3247 Gir.
490 3199 561 3247 Verr.
583 3201 638 3248 Act.
661 3201 683 3246 ll
706 3199 728 3262 l,
750 3199 782 3249 26
803 3199 853 3262 1661
876 3199 986 3246 Rubrius
1003 3199 1080 3246 istius
1099 3200 1201 3247 comites
1220 3201 1313 3248 invitat
1331 3237 1336 3246 .
1354 3235 1383 3248 ,.
1405 3204 1501 3247 mature
1521 3199 1642 3248 ueniunt:
1663 3199 1841 3248 discumbitur.
1883 3199 1914 3246 ht

278 3299 356 3332 sermo
374 3288 442 3335 inter
459 3301 501 3334 eos
520 3290 546 3332 et
564 3288 689 3349 invitatio,
709 3293 739 3334 ut
758 3286 848 3334 Graeco
867 3300 933 3334 more
951 3287 1090 3333 biberetur.
1130 3286 1240 3332 hortatur
1257 3286 1362 3346 hospes:
1389 3292 1497 3347 poscunt
1514 3287 1647 3334 maioribus
1665 3285 1776 3347 poculis:
1799 3285 1913 3333 celebra-

277 3375 318 3419 tur
335 3374 448 3420 omnium
467 3386 582 3421 sermone
599 3374 746 3435 laetitiaque
765 3374 908 3421 convivium
1033 3372 1063 3420 11
1092 3373 1150 3420 llor.
1172 3371 1253 3420 Curru.
1275 3372 1312 3419 lll
1333 3370 1374 3433 19,
1393 3372 1477 3434 ssqq.
1491 3373 1529 3419 ’da
1547 3373 1623 3421 lunae
1641 3385 1747 3434 propera
1765 3385 1854 3431 nosse,
1881 3370 1913 3417 da

277 3459 357 3506 noctis
376 3458 482 3519 mediae,
503 3460 543 3520 da,
564 3474 638 3522 puer,
658 3463 760 3520 auguris
780 3461 913 3508 Murenae:
935 3460 1017 3507 tribus
1036 3464 1080 3506 aut
1098 3472 1185 3507 nouem
1205 3459 1338 3506 miscentur
1356 3459 1451 3517 cyathis
1469 3459 1559 3520 poeula
1576 3459 1720 3506 commodis.
1757 3460 1803 3520 qui
1823 3459 1913 3506 Musas

276 3550 342 3592 amat
360 3546 470 3609 inpares,
495 3550 579 3593 ternos
597 3552 635 3594 ter
653 3547 754 3606 cyathos
772 3549 895 3594 attonitus
913 3552 984 3609 petet
1002 3551 1073 3592 vates
1198 3542 1228 3592 13
1256 3543 1322 3592 Plin.
1344 3544 1375 3592 N.
1397 3546 1428 3592 ll.
1450 3543 1550 3592 XXXV
1570 3542 1618 3592 104
1642 3544 1688 3592 hoc
1712 3545 1828 3604 exemplo
1854 3545 1913 3592 eius

276 3631 367 3679 similis
386 3639 412 3679 et
430 3631 538 3679 Nealcen
559 3647 692 3681 successus
710 3647 813 3694 spumae
838 3635 897 3694 equi
916 3633 1033 3680 similiter
1051 3645 1159 3693 spongea
1178 3633 1276 3693 inpacta
1295 3636 1397 3681 secutus
1420 3631 1514 3679 dieitur
1636 3629 1668 3678 23
1693 3630 1753 3681 lior.
1776 3629 1829 3678 Sat.
1852 3631 1862 3676 l
1883 3632 1910 3691 3,

275 3711 308 3763 29
321 3731 357 3778 sq.
378 3719 458 3766 acutis
477 3723 579 3770 uaribrrs
685 3719 714 3768 31
736 3721 794 3768 Hor.
816 3719 896 3768 Garm.
919 3720 956 3766 lll
977 3719 999 3777 l,
1024 3718 1034 3768 i
1057 3719 1187 3779 proianum
1207 3721 1297 3778 vulgus

364 4048 393 4096 13
417 4051 468 4111 ipit
487 4038 563 4096 iacta⁰
584 4049 605 4095 T
710 4050 751 4096 illa
773 4050 793 4095 T
812 4050 833 4111 (a
851 4064 880 4097 eu
898 4052 913 4112 i)
1020 4049 1050 4096 de
1070 4048 1172 4096 ludibrii
1194 4047 1228 4098 Ti
1346 4053 1374 4094 ut
1393 4047 1486 4094 Graeco
1505 4061 1637 4095 morsum.
1661 4045 1682 4091 T
1797 4047 1907 4093 biberem

281 4132 308 4192 T,
329 4134 481 4184 liberetnrl
588 4140 627 4182 set
650 4134 709 4196 V(d
727 4133 782 4198 ruff),
803 4137 909 4184 sedeat.
1020 4134 1050 4183 14
1069 4114 1139 4182 l¹a⁰ci
1166 4135 1185 4180 l'
1202 4135 1217 4191 11
1237 4139 1259 4181 et
1278 4148 1290 4179 c
1308 4130 1354 4196 ml)
1485 4131 1617 4194 aeglogai
1743 4130 1773 4179 15
1792 4132 1908 4179 tertiatoa

278 4219 298 4265 V
404 4229 486 4280 cyatos
505 4221 533 4282 P,
555 4219 672 4280 cythosl
788 4207 857 4282 petri
879 4223 899 4267 V
916 4222 934 4281 (t
952 4218 1006 4281 m22r,
1026 4222 1089 4281 petii
1112 4220 1140 4279 T,
1161 4218 1246 4282 petil
1361 4221 1428 4267 uatis
1453 4219 1494 4266 VP
1617 4217 1648 4267 16
1672 4218 1768 4266 allaim
1790 4216 1811 4262 V
1831 4219 1847 4277 (i
1864 4231 1906 4278 pr.

272 4301 318 4365 ml,
340 4307 347 4352 1
364 4315 418 4367 post
430 4309 439 4356 l
451 4309 533 4369 erasi,
549 4308 616 4355 illico
628 4305 688 4356 Pus
794 4310 889 4356 scabies
907 4308 926 4354 V
940 4308 960 4370 (s
970 4322 1009 4367 pr.
1024 4303 1062 4354 ur2
1074 4310 1101 4354 tn
1112 4306 1173 4364 raa.)
1281 4306 1387 4367 exculpe
1401 4305 1429 4367 P,
1450 4306 1585 4366 exculpere
1600 4320 1621 4352 ω
1729 4301 1759 4351 li
1778 4318 1793 4349 a
1810 4309 1838 4350 ts
1852 4303 1875 4350 P

273 4394 418 4453 commigret
438 4395 478 4444 Vos
584 4397 643 4456 lugo
661 4393 684 4440 P
787 4397 910 4457 impingas
930 4394 972 4442 Por
1081 4391 1111 4441 18
1130 4393 1277 4454 sphongiam
1296 4392 1410 4451 Vltrdsl.
1425 4388 1481 4455 ml),
1503 4391 1656 4455 sphongesm
1675 4391 1704 4451 P,
1725 4403 1862 4454 spongeam
1881 4388 1907 4451 1,

271 4481 400 4539 spongiam
418 4487 462 4530 cet.
570 4483 744 4543 imperfectum
765 4498 785 4531 ω
890 4464 1004 4538 ahsolual
1025 4480 1046 4526 T
1151 4495 1178 4527 ac
1197 4493 1229 4526 ne
1247 4493 1286 4526 ms
1304 4479 1437 4539 gloriosum
1455 4492 1531 4538 neges
1550 4494 1571 4526 ω
1679 4477 1710 4526 ts
1728 4475 1875 4540 ceptosPT

272 4566 434 4625 pendendum
454 4569 477 4615 P
605 4568 812 4632 rrersusicrrlosT
941 4555 1061 4629 arrte⁰qne
1086 4567 1105 4613 V
1126 4566 1177 4625 (nte
1197 4568 1223 4613 in
1240 4580 1290 4613 rus.
1312 4571 1326 4612 1
1345 4567 1404 4627 litt,
1425 4580 1438 4612 e
1456 4562 1499 4627 νηῒ)
1633 4570 1692 4611 terre
1712 4564 1740 4626 P,
1760 4578 1856 4612 caenae
1877 4565 1908 4625 T,

272 4652 396 4702 coensei
502 4657 615 4703 absoluat
634 4656 656 4701 P
771 4653 803 4702 20
823 4656 936 4701 marteris
960 4654 1016 4712 Vir
1032 4667 1071 4714 pr.
1094 4653 1165 4712 crus.)
1285 4650 1314 4699 21
1336 4657 1375 4698 set
1398 4651 1458 4711 th
1476 4646 1534 4711 νηῒ),
1554 4649 1597 4698 sed
1617 4654 1661 4696 ret.
1768 4655 1797 4697 tu
1824 4652 1845 4697 V
1865 4650 1912 4707 (νηὶ

272 4750 292 4786 s.
314 4739 361 4799 a),
382 4747 411 4788 ut
431 4741 452 4788 P
567 4744 641 4803 paulo
665 4743 736 4803 V(lo
756 4744 781 4788 in
800 4739 861 4800 roa.)
979 4728 1199 4786 bilariorldrrncior
1218 4736 1232 4786 1
1350 4751 1404 4784 narn
1427 4735 1456 4795 T,
1477 4732 1612 4797 nanquel
1728 4733 1760 4784 22
1778 4737 1827 4797 qui
1846 4739 1914 4784 forte

277 4823 298 4868 T
319 4825 390 4884 (torte
409 4827 467 4886 deti
577 4828 609 4876 23
629 4833 756 4890 caperrata
776 4827 803 4883 P,
826 4831 923 4887 raptata
943 4823 957 4873 1
1062 4832 1188 4885 negetque
1212 4825 1233 4871 V
1252 4823 1276 4883 (g
1293 4837 1321 4869 ea
1339 4837 1352 4869 c
1369 4820 1413 4882 ml)
1530 4821 1561 4870 2-1
1581 4804 1753 4869 nonueruarir‘l
1771 4834 1912 4871 numerus·

278 4909 298 4954 V
317 4911 386 4971 (corr.
407 4911 451 4973 ml)
570 4917 684 4976 attigisse
710 4915 729 4960 V
749 4917 770 4975 ie
790 4916 815 4960 ln
834 4915 893 4973 rus.)
1013 4911 1045 4959 25
1065 4914 1175 4959 nescabo
1199 4911 1306 4971 V(corr.
1327 4906 1372 4970 ml)
1492 4910 1512 4955 si
1537 4904 1622 4969 Vim²
1639 4909 1666 4956 in
1684 4910 1759 4970 rua),
1778 4921 1830 4958 om.
1853 4909 1877 4958 P

271 4997 359 5046 obmisi
379 4997 393 5047 1
528 5008 567 5049 set
589 5002 650 5060 Vld
668 4999 726 5062 m2),
752 5000 794 5048 sed
814 5005 857 5047 ret.
1000 4998 1033 5047 26
1051 4999 1234 5060 qualiscunque
1254 5013 1275 5045 ω
1415 4993 1447 5042 21
1466 4996 1601 5057 reperisset
1621 4992 1681 5042 PTl
1818 4995 1912 5065 etiam]

271 5084 347 5130 etlam
365 5099 429 5145 quae
449 5087 497 5151 Τχ,
519 5087 629 5151 etqrrql
752 5082 846 5151 neque]
864 5101 912 5147 que
937 5088 962 5137 l'.
983 5100 1028 5133 nec
1050 5087 1155 5146 Euclpo
1272 5083 1379 5132 eruditis
1404 5081 1451 5142 VP,
1473 5079 1582 5130 eratlsl
1700 5080 1733 5130 28
1752 5095 1833 5143 quare
1853 5083 1876 5130 P

273 5170 375 5229 neglego
394 5171 422 5231 P,
444 5174 557 5232 neglexit
576 5173 601 5236 1,
622 5177 722 5233 neglexi
744 5175 780 5237 Τχ
798 5175 869 5232 υοὶρο
991 5178 1016 5220 et
1034 5186 1152 5233 personas
1172 5187 1262 5231 genera
1279 5185 1328 5218 om.
1350 5171 1372 5217 P
1493 5167 1525 5218 30
1543 5169 1656 5230 libroque
1678 5169 1699 5215 l'
1815 5170 1912 5218 mediat

273 5259 351 5304 nostri
370 5260 507 5307 maximum
527 5261 549 5307 P
666 5262 802 5309 medicinos
824 5258 859 5308 Τλ
977 5260 1148 5306 trimaximum
1172 5259 1191 5304 l'
1302 5257 1386 5304 herme
1407 5255 1429 5302 P
1540 5261 1675 5303 rrmatorem
1694 5254 1716 5301 P
1832 5256 1913 5305 ihilo-

271 5341 360 5404 ⁸09th
383 5343 403 5387 V
513 5346 542 5395 31
564 5348 683 5408 quicquid
705 5347 745 5395 Par
860 5346 1014 5408 prophanum
1035 5345 1104 5392 PTE
1217 5358 1265 5391 non
1285 5346 1382 5402 ignorat
1401 5342 1458 5392 Pur.
1479 5343 1552 5402 volgo
1655 5346 1859 5404 postremo...
1880 5358 1911 5393 se

272 5437 319 5478 (mi.
347 5429 366 5480 V
504 5432 536 5481 32
554 5429 624 5499 cunr]
641 5440 669 5482 tu
689 5433 711 5479 P
830 5440 949 5494 corrparet
968 5433 997 5494 P,
1019 5438 1144 5493 comparet
1161 5436 1207 5480 cet.
1332 5426 1419 5495 atque]
1438 5431 1536 5490 scitque
1559 5429 1580 5474 l'
1598 5429 1657 5489 (seit
1672 5424 1720 5487 m',
1740 5429 1776 5475 sel
1797 5430 1824 5476 iss
1841 5432 1909 5492 m.)

272 5508 303 5557 33
322 5514 459 5564 absstemio
482 5518 627 5581 Viserus.)
735 5533 815 5567 meam
909 5534 984 5568 suum
1005 5519 1026 5565 T
1130 5514 1208 5584 enirn]
1227 5517 1305 5565 cuiP
1407 5514 1439 5563 31
1458 5520 1484 5563 et
1501 5515 1589 5564 om.T
1690 5520 1751 5576 aput
1768 5514 1830 5577 Vld
1841 5513 1908 5579 πὶ),

272 5597 337 5657 Qud
355 5603 399 5646 cel.
507 5603 538 5652 35
559 5619 598 5651 rue
616 5619 664 5652 um.
690 5606 710 5651 i'
812 5606 881 5667 pillis
904 5606 931 5664 V,
952 5605 1029 5666 epilia
1050 5605 1080 5666 T,
1100 5602 1214 5668 epulial
1319 5602 1394 5650 nichil
1415 5600 1437 5647 P
