4358 6234
274 318 334 378 reo
1010 311 1164 392 rvsonrr

272 524 343 569 cum
366 503 512 569 redditae
536 510 610 569 sunt
632 503 711 568 mihi
733 502 858 568 litterae
881 510 956 569 tuac
981 502 1099 588 oppido
1122 523 1219 586 quam
1235 502 1409 568 litteratae.
1457 503 1508 568 bis
1522 503 1620 586 longe
1634 501 1911 569 iucundissimum

271 627 387 693 poema
409 606 620 690 subdideras,
646 605 733 689 quod
755 605 796 671 de
818 606 921 671 tribus
944 606 1086 672 Suetonii
1110 606 1219 688 libris,
1245 625 1327 690 quos
1348 605 1406 671 ille
1429 605 1470 672 dc
1492 605 1622 689 regibus
1645 605 1751 685 dedit,
1779 605 1815 670 in
1836 605 1913 690 epi-

271 719 378 776 tomen
402 709 552 792 coegisti,
579 716 671 774 tanta
692 709 870 792 elegantia,
905 709 994 776 solus
1018 716 1053 775 ut
1074 709 1152 773 milri
1176 708 1310 774 videare
1332 708 1520 790 adsecutus,
1556 708 1642 792 quod
1665 715 1778 775 contra
1799 729 1913 774 rerum
1935 728 1966 768 rs

272 819 419 877 naturam
443 820 501 893 est,
528 811 670 877 brevitas
693 818 728 877 ut
750 813 888 878 obscura
909 832 972 878 uon
995 819 1092 878 esset.
1140 813 1174 877 in
1196 812 1247 877 his
1270 812 1418 877 versibus
1440 831 1501 895 ego
1523 812 1587 877 ista
1610 813 1764 896 cognovi:

607 1019 831 1104 Europamque
853 1020 1046 1103 Asiamque,
1073 1019 1135 1085 duo
1158 1020 1210 1086 vel
1235 1020 1376 1084 maxima
1397 1025 1502 1111 terrac

607 1124 766 1206 membra,
792 1124 909 1208 quibus
931 1123 1068 1209 Libyam
1092 1123 1190 1190 dubie
1213 1123 1388 1189 Sallustius
1410 1123 1503 1190 addit

606 1226 755 1310 Europae
777 1225 980 1308 adiunctam,
1007 1226 1109 1311 possit
1131 1247 1204 1292 cum
1226 1225 1323 1293 tertia
1346 1225 1428 1306 diei,

524 1350 554 1391 so
607 1336 759 1412 regnatas
782 1330 907 1409 multis,
934 1349 1014 1414 quos
1036 1330 1125 1395 fama
1147 1328 1310 1395 oblitterat
1333 1336 1367 1395 et
1389 1348 1469 1413 quos

608 1432 745 1497 barbara
766 1433 929 1498 Romanae
951 1453 1014 1498 non
1037 1433 1168 1498 tradunt
1190 1433 1320 1498 uomina
1341 1432 1489 1517 linguae,

607 1535 778 1600 Illibanum
800 1535 1039 1619 Numidamque
1062 1536 1190 1602 Avelim
1214 1536 1431 1619 Parthumque
1454 1537 1616 1602 Vononem

608 1646 641 1704 et
663 1639 840 1719 Caranum,
868 1640 999 1705 Pellaea
1022 1639 1113 1706 dedit
1132 1639 1190 1723 qui
1213 1640 1344 1706 nomina
1365 1660 1497 1722 regum,

607 1743 725 1826 quique
748 1763 859 1827 magos
882 1743 991 1809 docuit
1012 1744 1167 1828 mysteria
1189 1764 1275 1810 vana
1297 1742 1504 1828 Nechepsos,

524 1865 555 1907 rs
608 1852 640 1911 et
662 1847 717 1929 qui
738 1847 887 1930 regnavit
909 1846 978 1912 sine
1000 1847 1129 1912 nomine
1151 1867 1290 1930 moxque
1315 1847 1483 1912 Sesostris.

360 2054 450 2119 llaec
471 2060 506 2118 tu
528 2074 625 2137 quarn
648 2052 751 2138 perite
774 2061 807 2119 ct
829 2053 999 2134 concinne,
1034 2073 1130 2137 qoam
1153 2053 1316 2119 modulate
1339 2060 1372 2119 et
1394 2052 1548 2135 dulciter,
1579 2053 1626 2117 ita
1647 2051 1739 2119 iuxta
1760 2061 1917 2120 naturam

273 2160 488 2223 Romanorum
511 2164 700 2223 accentuum
723 2156 915 2237 enuntiasti,
949 2163 985 2222 ut
1012 2164 1121 2223 tamen
1151 2157 1237 2223 veris
1259 2163 1293 2222 et
1313 2155 1503 2241 primigenis
1525 2155 1657 2222 vocibus
1688 2176 1748 2222 sua
1776 2156 1918 2241 fastigia

273 2282 336 2326 non
358 2261 508 2344 perirent.
556 2261 620 2325 iarn
640 2259 718 2343 quid
740 2259 781 2325 de
803 2260 988 2343 eloquentia
1010 2261 1140 2326 dicam?
1166 2260 1288 2343 liquido
1311 2258 1461 2325 adiurare
1483 2278 1613 2344 possum
1636 2260 1761 2324 nullum
1783 2260 1847 2325 tibi
1871 2260 1918 2326 ad

274 2364 433 2450 poeticam
462 2363 646 2429 facundiam
676 2364 840 2428 Romanae
869 2364 1045 2429 iuventutis
1077 2364 1221 2445 aequari.
1275 2371 1360 2429 certe
1393 2363 1439 2428 ita
1468 2362 1546 2427 mihi
1576 2362 1707 2428 videris.
1764 2364 1792 2428 si
1826 2384 1913 2445 erro,

273 2473 367 2553 pater
392 2487 480 2546 sum,
512 2466 562 2531 fer
590 2485 641 2530 me
671 2473 704 2531 et
731 2466 796 2531 noli
827 2466 958 2550 exigere
988 2467 1141 2533 iudicium
1172 2467 1319 2532 obstante
1348 2466 1481 2552 pietate.
1528 2485 1638 2531 verum
1669 2486 1730 2551 ego
1761 2485 1835 2532 cnm
1860 2468 1917 2552 pie
1939 2486 1970 2527 so

275 2571 420 2654 diligam,
448 2569 571 2634 sincere
586 2589 625 2634 ac
640 2588 751 2635 severe
765 2568 885 2634 iudico.
925 2569 1019 2635 affice
1040 2590 1102 2652 me,
1121 2589 1186 2651 oro,
1206 2569 1265 2635 tali
1281 2588 1411 2634 munere
1427 2569 1623 2652 frequenter,
1641 2591 1704 2654 quo
1719 2576 1753 2636 et
1766 2570 1918 2637 oblector

274 2681 306 2739 et
328 2673 475 2738 honoror.
519 2673 658 2738 accessit
679 2672 737 2739 tibi
759 2672 801 2737 ad
824 2679 925 2738 artem
948 2673 1105 2758 poeticam
1128 2673 1247 2739 mellea
1269 2673 1424 2738 adulatio.
1464 2672 1542 2757 quid
1565 2672 1650 2739 enim
1672 2671 1763 2738 aliud
1785 2682 1913 2758 agunt:

613 2879 721 2946 audax
744 2880 847 2946 Icario
869 2880 925 2965 qui
947 2880 1025 2947 fecit
1045 2880 1175 2945 nomina
1196 2886 1311 2965 ponto,

612 2988 645 3047 et
665 2981 722 3065 qui
744 2982 948 3049 Chalcidicas
970 2983 1134 3049 moderate
1157 2983 1266 3049 enavit
1288 2983 1332 3048 ad
1353 3001 1461 3062 arces,

277 3192 341 3256 nisi
364 3197 398 3255 ut
420 3197 455 3255 tu
477 3196 625 3272 vegetam
649 3195 682 3254 et
704 3189 874 3255 sublimem
897 3191 1096 3256 alacritatem
1120 3198 1205 3256 tuam
1230 3190 1444 3257 temeritatem
1468 3209 1573 3272 voces,
1603 3210 1655 3256 me
1677 3210 1754 3256 vcro
1776 3197 1811 3256 ct
1832 3213 1915 3258 con-
1935 3210 1967 3251 ss

276 3294 395 3359 sultum
418 3300 451 3359 et
472 3312 566 3376 quem
588 3291 674 3357 filius
697 3292 815 3358 debeat
834 3293 964 3375 imitari,
992 3294 1127 3360 salutari
1142 3295 1314 3380 prudentia
1328 3291 1507 3379 praeditum
1524 3291 1636 3357 dass
1657 3293 1744 3376 quod
1759 3294 1914 3377 equidem

275 3404 385 3462 contra
407 3404 466 3462 cst.
514 3416 587 3460 narn
610 3402 644 3460 tu
668 3415 794 3461 summa
817 3397 864 3462 sic
886 3397 1023 3482 appetis,
1049 3405 1168 3463 utnon
1192 3397 1341 3463 decidas:
1378 3402 1526 3461 senectus
1548 3415 1623 3460 mea
1644 3397 1724 3461 satis
1746 3397 1857 3480 habet,
1885 3399 1915 3463 si

275 3500 439 3566 consistat.
485 3499 567 3565 haec
596 3497 639 3563 ad
668 3506 700 3564 te
730 3499 870 3566 breviter
892 3507 924 3565 et
945 3499 1021 3565 ilico
1043 3501 1188 3585 vesperis
1210 3500 1300 3565 illius
1323 3505 1431 3565 secuto
1454 3518 1549 3564 manc
1573 3498 1704 3565 dictavi.
1752 3499 1800 3565 ita
1824 3501 1914 3566 enim

274 3603 464 3669 tabellarius
485 3610 569 3684 tuus,
596 3610 632 3668 ut
652 3603 825 3686 epistulam
847 3602 990 3684 referret,
1017 3603 1168 3669 instabat.
1216 3624 1291 3668 nam
1315 3602 1343 3668 si
1365 3602 1443 3667 mihi
1466 3602 1564 3667 otium
1580 3601 1686 3683 fuerit,
1714 3602 1913 3671 oblectabile

275 3707 439 3789 negotium
462 3705 523 3771 erit
544 3704 586 3770 ad
608 3712 640 3770 tc
663 3704 818 3789 prolixius
841 3705 991 3790 delirare,
1018 3714 1050 3771 te
1073 3713 1108 3771 ut
1130 3706 1267 3787 eliciam,
1295 3706 1373 3771 mihi
1396 3713 1432 3772 ut
1454 3704 1663 3770 satisfaciam.
1710 3707 1798 3772 vale.
1931 3726 1963 3766 ss

277 3909 689 3918 ————————-

366 4035 396 4084 ib
415 4036 475 4086 lior.
496 4036 579 4099 Epist.
600 4035 667 4096 113,
689 4034 722 4086 25
734 4050 772 4098 sq.
793 4038 875 4085 brevis
894 4050 950 4085 esse
969 4037 1059 4098 laboro,
1081 4039 1202 4085 obscurus
1220 4038 1252 4086 ilo
1381 4035 1411 4086 ii
1431 4037 1493 4087 Stat.
1515 4037 1609 4086 Achill.
1629 4036 1912 4102 refusionemque

275 4124 415 4184 Asiamque
540 4121 571 4171 ts
591 4122 650 4172 Sall.
671 4124 731 4171 bell.
752 4123 808 4182 lug.
830 4121 870 4183 ll,
892 4125 952 4173 31η
971 4124 1096 4172 divisione
1114 4125 1180 4171 orbis
1199 4129 1277 4171 terrae
1295 4124 1412 4184 plerique
1431 4125 1458 4171 in
1476 4128 1547 4184 parte
1566 4123 1642 4171 tertis
1660 4125 1772 4172 Africam
1791 4138 1910 4188 posuere,

276 4211 349 4272 pauci
367 4209 539 4257 tantummodo
555 4210 642 4257 Asiam
661 4217 687 4257 et
704 4209 829 4270 Europam
848 4222 911 4266 esse,
932 4213 972 4258 set
989 4211 1100 4258 Africam
1119 4211 1146 4257 ln
1165 4209 1267 4272 Europa
1377 4208 1409 4258 33
1429 4208 1500 4259 Ovid.
1524 4210 1602 4258 Trist.
1622 4211 1634 4256 l
1655 4208 1677 4271 1,
1699 4208 1733 4258 90
1752 4211 1837 4259 Icarus
1856 4213 1911 4260 Ica-

276 4299 321 4345 riis
339 4297 442 4344 nomina
460 4296 520 4343 fecit
538 4297 609 4357 aquis
646 4296 706 4344 Hor.
729 4294 811 4343 carm.
832 4294 922 4357 11112,
939 4295 1002 4356 3sq.
1024 4297 1103 4344 vltreo
1120 4296 1225 4344 daturus
1244 4297 1347 4344 nomina
1364 4302 1440 4357 ponto
1545 4293 1578 4346 34
1597 4294 1673 4355 Verg.
1689 4297 1755 4344 Aan.
1776 4295 1814 4344 VI
1828 4295 1908 4360 ibsq.

276 4386 326 4432 iter
345 4420 352 4431 .
369 4418 397 4432 ..
418 4382 503 4429 enavit
521 4382 551 4429 ad
570 4387 648 4429 arctos
667 4380 857 4442 Chalcidicaque
878 4417 929 4431 ...
951 4396 1028 4443 super
1046 4384 1128 4431 astitit
1146 4397 1199 4430 arce
1305 4381 1336 4429 37
1350 4397 1404 4443 sqq.
1427 4383 1516 4430 Laber.
1536 4382 1587 4430 inc.
1608 4379 1666 4429 ili.
1692 4379 1753 4442 (128
1766 4384 1817 4445 sq.)
1837 4397 1909 4431 snm·

276 4484 344 4518 mum
363 4468 394 4516 ad
413 4467 515 4529 gradum
534 4482 591 4516 curn
609 4468 729 4516 claritatis
747 4468 858 4530 veneris,
878 4469 1000 4516 consistes
1018 4482 1099 4529 segre,
1120 4470 1190 4516 nictu
1209 4469 1285 4516 citius
1306 4468 1405 4516 decidas

364 4761 394 4811 13
413 4762 505 4826 oppido
522 4775 572 4812 om.
597 4762 617 4808 Τ
736 4762 949 4810 iocundissimum
970 4760 1015 4807 ΤΜ
1143 4761 1172 4809 11
1191 4761 1222 4808 de
1239 4766 1294 4821 post
1311 4762 1356 4809 ille
1374 4775 1423 4808 om.
1444 4760 1515 4825 ΜχΕ
1635 4760 1735 4822 quode
1754 4763 1837 4810 tribus
1855 4799 1907 4813 ...

274 4851 345 4899 dedit
363 4851 491 4912 epitomen
509 4846 680 4911 Reifferscheid
698 4847 769 4897 Suet.
789 4849 831 4897 sel.
852 4863 878 4908 p.
893 4848 945 4895 315
1051 4846 1082 4895 15
1101 4852 1252 4909 assequutus
1274 4846 1295 4892 Τ
1401 4845 1432 4895 lii
1450 4843 1567 4912 cognovi]
1585 4847 1675 4906 collegi
1695 4845 1717 4892 Τ
1825 4846 1911 4907 1811-

276 4938 341 4984 biam
364 4935 415 4982 ΤΜ
554 4933 584 4982 ts
602 4940 688 4995 posset
708 4934 728 4980 T
874 4932 907 4981 20
925 4934 1056 4982 oblicterat
1079 4933 1112 4994 Τ,
1140 4934 1256 4981 obliterat
1276 4932 1305 4979 lsi
1447 4931 1479 4981 22
1498 4946 1624 4982 ucnouam
1643 4931 1672 4979 Μ
1810 4931 1843 4982 ts
1862 4934 1911 4981 mi-

275 5023 351 5071 steria
372 5020 420 5069 ΤΜ
523 5020 651 5081 mechepsi
672 5019 701 5078 T,
722 5020 840 5081 netbepsi
858 5035 884 5080 c,
904 5019 1023 5080 nechepsi
1041 5023 1086 5066 est.
1108 5019 1137 5080 E,
1158 5019 1304 5081 Nechepsos
1325 5019 1393 5080 Vin,
1411 5019 1541 5081 Necepsos
1559 5019 1638 5082 volso,
1659 5018 1804 5080 Nechepsos
1822 5021 1910 5081 scripsi

275 5107 307 5157 25
327 5121 436 5169 moxque
455 5108 571 5154 sesostris
594 5106 622 5166 T,
643 5119 700 5153 mox
719 5107 850 5154 sesoostris
867 5109 912 5154 cst.
934 5105 957 5152 E
973 5108 1047 5165 volco
1158 5105 1188 5154 27
1208 5112 1344 5154 acentuum
1366 5106 1387 5152 Τ
1490 5107 1558 5152 ueris
1576 5119 1604 5152 ac
1620 5104 1666 5170 χΕ
1680 5104 1754 5165 volpe
1859 5106 1911 5170 pri·

275 5196 393 5255 migenlis
412 5192 470 5241 Par.
490 5193 569 5253 volgo,
590 5194 695 5252 sortasse
712 5196 775 5239 secte
889 5191 921 5240 28
941 5192 1020 5239 dicam
1039 5193 1060 5239 si
1080 5192 1141 5253 quid
1162 5191 1189 5238 iii
1301 5191 1334 5241 29
1353 5192 1437 5240 uideri
1456 5207 1487 5252 ω,
1510 5191 1601 5241 rideris
1624 5188 1697 5239 l'ess.⁴
1813 5191 1848 5241 ³⁰
1865 5204 1910 5253 ego

274 5297 322 5330 om.
345 5282 367 5327 E
381 5282 452 5340 soleo
567 5278 596 5326 31
619 5274 658 5343 sc]
676 5283 702 5325 ct
722 5278 743 5324 Τ
855 5277 888 5327 32
907 5280 934 5325 in
953 5284 1031 5326 artem
1050 5279 1140 5338 Delplr.
1256 5280 1336 5327 melea
1357 5279 1377 5325 Τ
1490 5278 1522 5326 33
1542 5279 1621 5336 ycarlo
1640 5276 1670 5324 u
1783 5276 1817 5327 34
1836 5278 1910 5327 ealci-

274 5368 341 5416 dicas
363 5366 414 5413 ΤΜ
541 5363 623 5413 arthos
642 5363 678 5425 Μ,
698 5370 777 5413 arctos
795 5369 852 5424 cet,
875 5366 963 5412 ‘uetus
981 5365 1069 5412 lectio:
1090 5364 1120 5411 ad
1138 5362 1219 5412 arces'
1239 5365 1375 5413 Accusatus
1514 5361 1547 5411 35
1565 5368 1593 5411 tu
1612 5376 1660 5414 orn.
1680 5377 1735 5427 mss,
1754 5369 1786 5413 nt
1802 5370 1832 5413 at
1848 5364 1908 5414 Pss-

274 5455 344 5514 ooiqo
475 5448 609 5502 sublimem
628 5456 656 5499 et
673 5439 789 5514 uefi'etam
812 5450 832 5496 Τ
959 5449 1144 5497 themeritatem
1163 5448 1199 5511 Μ,
1219 5451 1375 5498 amenitatem
1395 5449 1417 5495 Τ
1434 5449 1496 5511 (ioco
1513 5449 1610 5497 littam
1625 5451 1704 5497 minio
1722 5449 1856 5501 adelada
1870 5464 1909 5500 ra-

274 5539 341 5601 ticio)
448 5551 488 5587 me
505 5551 579 5587 uoces
602 5538 623 5584 Τ
642 5538 691 5601 (me
708 5539 827 5598 espmtsit
844 5541 867 5584 st
885 5549 925 5583 me
940 5541 996 5597 post
1014 5549 1088 5584 uoces
1106 5549 1126 5582 s.
1146 5550 1170 5582 o.
1191 5534 1249 5583 odd.
1270 5533 1414 5596 misicetor)
1529 5532 1563 5584 36
1579 5534 1674 5583 mutari
1691 5532 1722 5582 Ι
1825 5534 1861 5587 33
1876 5535 1909 5585 tl·

275 5623 323 5672 lico
342 5637 364 5673 ω
469 5629 574 5688 sequuta
596 5623 618 5671 Τ
723 5620 756 5671 39
774 5620 907 5684 epistolam
926 5636 947 5671 ω
