4358 6234
857 315 1052 372 CAESARES
1074 317 1173 382 (XXI).

807 643 973 710 CAESAR
996 642 1223 710 CALIGVLA.

536 816 610 880 Post
633 816 717 881 hunc
742 816 897 881 castrensi
921 817 1048 900 caligae
1071 817 1259 900 cognomine
1282 838 1396 883 caesar
1688 838 1828 898 [11111264

623 918 779 984 successit
800 939 897 985 saevo
921 919 1048 985 saevior
1070 919 1218 1003 ingenio,

535 1021 689 1087 caedibus
710 1020 908 1106 incestisque
931 1023 1048 1089 debinc
1070 1024 1253 1089 maculosus
1276 1032 1309 1089 et
1331 1025 1417 1089 omni

450 1143 480 1187 ro
620 1125 751 1192 crimine
773 1127 931 1213 pollutum
955 1126 1010 1210 qui
1032 1126 1199 1211 superavit
1220 1147 1327 1192 avum.

901 1402 1126 1468 CLAVDIVS.

532 1573 690 1639 Claudius
712 1574 831 1639 inrisae
854 1574 978 1659 privato
1000 1574 1033 1638 in
1056 1583 1199 1660 tempore
1222 1577 1321 1656 vitae,

618 1676 651 1742 in
675 1696 775 1760 regno
798 1676 961 1762 specimen
985 1677 1126 1762 prodidit
1148 1679 1283 1761 ingenii.

532 1779 682 1846 libertina
703 1787 825 1863 tamen,
852 1789 1024 1864 nuptarum
1047 1790 1079 1848 et
1100 1782 1234 1848 crimina
1256 1802 1373 1868 pessus

618 1905 681 1950 non
703 1883 853 1950 faciendo
874 1906 1011 1968 nocens,
1039 1894 1088 1952 set
1111 1885 1262 1971 patiendo
1285 1887 1355 1953 fuit.

949 2160 1075 2226 NERO.

449 2354 480 2396 na
531 2331 721 2398 Aeneadum
743 2332 872 2416 generis
895 2332 950 2415 qui
974 2339 1085 2397 sextus
1107 2339 1139 2398 et
1160 2333 1292 2400 ultimus
1316 2334 1426 2417 heres,

618 2436 736 2523 polluit
758 2443 790 2503 et
813 2437 930 2503 clausit
952 2435 1036 2502 Iulia
1059 2456 1152 2504 sacra
1172 2439 1271 2504 Nero.

532 2540 664 2607 nomina
685 2547 761 2625 quot
782 2541 905 2626 pietus,
932 2547 979 2607 tot
1001 2541 1099 2607 babet
1121 2563 1247 2626 quoque
1270 2543 1404 2608 crimina
1426 2543 1522 2608 vitae.

621 2646 708 2712 disce
731 2665 772 2710 ex
794 2645 1001 2728 Tranquillo:
1030 2651 1080 2710 set
1101 2645 1286 2712 meminisse
1309 2646 1410 2731 piget.

934 2917 1089 2985 GALBA.

533 3091 597 3177 Spe
620 3091 771 3158 frustrate
794 3111 913 3175 senex,
939 3092 1083 3178 privatus
1106 3100 1236 3177 sceptra
1258 3093 1372 3158 mereri
1688 3113 1757 3176 (vu)
1778 3112 1827 3161 267

448 3216 479 3258 so
619 3194 708 3261 visus
731 3215 782 3276 es,
808 3194 944 3280 imperio
967 3195 1113 3281 proditus
1137 3195 1277 3262 inferior.

532 3297 620 3363 lama
642 3298 700 3364 tibi
722 3298 836 3363 melior
857 3299 983 3365 iuveni:
1012 3307 1061 3365 set
1083 3299 1197 3365 iustior
1219 3298 1297 3365 ordo
1321 3307 1370 3365 est

617 3401 840 3488 conplacuisse
864 3402 996 3482 dehine,
1024 3402 1229 3487 displicuisse
1251 3403 1351 3488 prius.

947 3677 1073 3743 OTHO.

531 3850 670 3915 Aemula
691 3849 813 3935 polluto
836 3856 987 3932 gesturus
1010 3857 1137 3935 sceptra
1159 3850 1279 3916 Neroni
1674 3873 1758 3932 (vnn
1779 3871 1829 3921 uos

618 3952 760 4018 obruitur
781 3954 879 4019 celeri
902 3959 1013 4038 raptus
1036 3953 1118 4020 Otho
1141 3954 1250 4019 exitio.

448 4077 478 4117 oa
533 4056 596 4122 line
619 4063 727 4122 tamen
751 4055 933 4123 laudandus
956 4057 1035 4137 erit,
1063 4057 1118 4139 qui
1141 4066 1240 4124 morte
1265 4055 1381 4123 deeora

619 4157 680 4225 hoc
703 4159 805 4225 solum
829 4158 908 4224 lecit
928 4159 1051 4240 nobile,
1079 4160 1164 4240 quod
1187 4161 1292 4245 periit.

284 4432 315 4488 2·
354 4437 385 4487 17
414 4438 484 4487 Suet.
506 4436 561 4486 Cal.
582 4438 598 4486 9
623 4438 749 4498 Caligulae
767 4452 903 4497 cognomen
923 4440 1044 4486 castrensi
1064 4441 1116 4486 ioco
1135 4439 1212 4486 traalt
1327 4438 1360 4487 25
1388 4439 1423 4498 cf.
1446 4440 1546 4489 Lucret.
1568 4441 1578 4487 l
1600 4439 1610 4488 l
1640 4440 1711 4498 (odda
1731 4443 1825 4492 Auson.

199 4525 222 4572 V
240 4524 266 4587 3,
286 4523 300 4571 7
319 4529 343 4571 et
360 4526 437 4587 epigr.
459 4522 503 4583 34,
523 4523 549 4585 2)
661 4522 694 4573 29
706 4539 744 4586 aq.
767 4525 824 4574 Tac.
845 4526 912 4574 Hist.
935 4527 945 4573 l
965 4524 998 4574 le
1017 4527 1093 4573 maior
1111 4528 1206 4586 privato
1225 4527 1293 4573 visus
1312 4526 1373 4573 duur
1392 4528 1505 4587 privatus
1524 4529 1576 4574 luit
1594 4532 1619 4574 et
1637 4528 1749 4576 omnium
1768 4542 1827 4577 con-

198 4624 275 4659 sensu
292 4623 371 4673 capax
389 4611 498 4672 lmporll,
521 4611 569 4659 nial
587 4611 736 4673 lmperasset

283 4851 374 4901 Cacsar
386 4851 508 4900 Calllcula
525 4851 562 4912 W,
578 4851 668 4900 Caesar
681 4852 766 4913 Caliga
780 4852 811 4913 Σ,
826 4853 854 4902 C.
870 4852 983 4912 Caligula
998 4853 1118 4914 (Callcnla
1132 4854 1157 4914 o)
1174 4854 1274 4913 Xoolqo
1364 4852 1393 4900 lt
1412 4853 1458 4901 boa
1472 4852 1526 4915 (boc
1539 4852 1607 4921 cplll
1693 4856 1827 4903 castrensis

197 4937 281 4999 cedd,
301 4939 424 4986 moenai
441 4951 485 4998 coo
591 4935 692 5004 Caesar]
711 4938 788 4986 Gaius
806 4939 835 4987 L.
853 4937 956 4987 Mueller
1063 4938 1093 4987 19
1112 4939 1215 4988 sedibus
1234 4940 1259 4986 Χ
1360 4941 1514 5001 incertisque
1528 4936 1593 4987 lm
1696 4936 1829 5007 Clandlua]

197 5024 288 5074 Caesar
304 5022 364 5073 aas.
381 5023 459 5071 VBlV
482 5022 526 5083 llo.
546 5025 625 5086 volpe,
647 5025 729 5074 Diuus
747 5025 823 5074 Cesar
841 5025 897 5074 odd.
914 5024 939 5072 Σ
1043 5024 1073 5074 21
1094 5027 1189 5074 inrisae
1207 5025 1259 5085 VS,
1279 5026 1366 5074 irrisae
1384 5031 1429 5074 eet.
1537 5027 1651 5087 priuaato
1671 5024 1695 5073 Σ
1714 5025 1771 5087 (orn.
1788 5028 1825 5087 ln)

197 5110 231 5160 22
249 5110 332 5173 prodit
351 5108 437 5172 Slm¹l
557 5112 659 5173 imperil
677 5113 700 5160 Β
805 5112 837 5160 23
856 5119 882 5159 et
900 5112 1004 5160 crimina
1022 5127 1113 5176 passus
1132 5113 1158 5174 V,
1180 5120 1247 5161 certa
1263 5119 1373 5176 potestas
1397 5112 1434 5173 W,
1454 5127 1503 5160 om.
1523 5110 1635 5160 numu
1738 5112 1770 5161 24
1790 5119 1830 5161 aet

203 5199 230 5258 V,
250 5198 295 5247 aed
312 5202 359 5247 eet.
464 5198 528 5246 Nero
547 5196 643 5247 Saeuus
663 5198 687 5246 Σ
792 5199 824 5248 25
844 5200 915 5262 berea
935 5200 956 5246 B
973 5205 996 5246 et
1016 5199 1040 5247 Σ
1059 5201 1096 5260 (in
1115 5215 1162 5261 quo
1180 5204 1235 5260 post
1253 5199 1323 5260 odd.)
1431 5198 1463 5247 26
1488 5199 1562 5246 iollas
1582 5199 1606 5246 Σ
1710 5198 1742 5247 22
1762 5198 1828 5261 qnod

202 5284 263 5332 Vel
280 5282 306 5331 Σ
326 5266 400 5346 (Μ’
486 5281 603 5351 crlmlna]
622 5287 765 5334 nominall
868 5284 901 5334 28
920 5288 1043 5348 tranqullo
1069 5287 1099 5331 w
1201 5292 1240 5334 set
1263 5285 1287 5348 V,
1310 5285 1352 5333 sed
1373 5297 1397 5346 σ,
1419 5291 1446 5334 et
1463 5283 1626 5352 ΒΣΜῖιμφ,
1649 5299 1688 5333 me
1707 5285 1743 5345 W,
1764 5298 1828 5348 qnae

200 5367 354 5432 Vaterno
459 5371 561 5431 Sergius
575 5370 653 5420 Galba
669 5370 725 5436 do,
748 5371 851 5422 serulus
864 5372 943 5420 Galba
954 5375 1026 5433 volpe
1131 5372 1163 5421 29
1183 5372 1249 5434 Seps
1266 5373 1369 5431 Vlcera.
1384 5368 1441 5432 νηῒ),
1462 5385 1507 5432 spe
1525 5370 1561 5432 w,
1583 5377 1709 5433 apemeet.
1723 5373 1793 5431 colon

195 5458 279 5507 meat
297 5456 321 5504 B
433 5454 467 5505 30
484 5453 525 5524 aa]
541 5458 611 5505 etV
712 5459 827 5521 prodltur
845 5458 870 5508 Σ
985 5457 1016 5508 31
1038 5464 1077 5507 ast
1100 5459 1128 5521 V,
1148 5459 1194 5507 aed
1211 5463 1257 5507 cet.
1364 5446 1451 5506 luati⁰¹
1472 5457 1493 5504 V
1512 5453 1607 5517 (orm21
1715 5454 1748 5505 32
1766 5470 1827 5506 cou-

195 5544 322 5609 planlm
342 5543 370 5605 V,
390 5543 571 5607 complacatus
588 5548 632 5596 eat.
740 5545 776 5596 Μ.
797 5545 862 5596 Otho
885 5544 931 5607 na.
950 5546 1022 5607 oolqo
1134 5543 1168 5593 34
1186 5545 1376 5593 obmalatan
1478 5544 1510 5593 35
1529 5544 1578 5592 erlt
1594 5540 1650 5610 qui]
1668 5544 1712 5606 qul
1732 5542 1828 5607 (delude

194 5631 246 5683 lat.
264 5634 384 5695 qam
398 5627 455 5693 tere
470 5629 531 5694 ure)
550 5630 575 5680 ll

1566 5733 1620 5784 lo·
