4358 6234
364 313 475 378 XXIV
1061 314 1290 369 PROOBlllVlI.

365 536 493 621 scripsit
515 536 600 601 hunc
623 536 765 602 codicem
789 537 814 600 l.
833 538 873 600 H.
896 537 991 602 Nolte
1014 542 1112 621 atque
1134 539 1369 622 epigrammata
1392 537 1551 618 quaedam
1575 544 1607 603 et
1630 536 1812 602 Gratiarum
1836 539 1994 605 actionem

366 656 508 721 contulit.
557 655 683 721 Graeca
706 656 902 721 examinavit
923 656 961 720 Ε.
987 657 1030 720 Μ.
1057 657 1253 742 Thompson.

159 756 357 856 ⁰⁰,ssgfflhffiffij
455 776 556 840 codex
579 776 968 853 hshburnhamensis‚
995 778 1139 857 membr,
1168 776 1288 843 iormae
1307 778 1494 862 quadratae,
1522 777 1591 841 1611.
1610 781 1662 842 56.
1703 777 1764 843 1611
1779 776 1939 862 quondam
1960 778 1995 842 in

294 861 352 905 ’πω
366 895 474 979 amplo
502 896 646 961 codicum
676 897 841 977 thesauro,
876 917 971 978 quem
1002 897 1142 962 famosus
1171 897 1229 962 ille
1252 898 1381 963 Librius
1408 897 1570 982 possedit,
1604 897 1752 981 signatus
1780 921 1868 964 num.
1897 901 1989 963 1732.

365 1015 419 1096 661
443 1015 570 1081 codices
593 1037 709 1098 magno
733 1017 835 1100 pretio
859 1018 995 1102 coempti
1017 1018 1051 1082 in
1073 1018 1311 1101 bybliothecam
1326 1017 1667 1084 Ashbumhamensem
1683 1019 1766 1083 illati
1783 1026 1868 1084 sunt.
1909 1017 1994 1083 unde

365 1143 471 1200 autem
496 1135 622 1200 Librius
649 1136 732 1201 huuc
756 1138 897 1202 codicem
922 1139 1169 1222 comparaverit5
1201 1136 1288 1201 haud
1311 1122 1443 1202 difficile
1466 1137 1637 1219 colligitur.
1686 1139 1803 1204 etenim
1827 1137 1860 1203 in
1883 1137 1994 1203 Maffei

365 1254 457 1336 libro,
483 1276 576 1336 quem
601 1256 657 1321 ille
679 1257 843 1341 inscripsit
869 1258 996 1322 ‘Indice
1020 1257 1098 1323 delli
1122 1257 1206 1337 libri,
1233 1256 1292 1322 che
1315 1257 1343 1320 si
1366 1257 1526 1321 ritrovano
1549 1257 1637 1322 nella
1659 1257 1799 1323 raccolta
1823 1257 1875 1322 del
1891 1257 1991 1321 nobil.

364 1394 428 1457 sgr.
454 1374 563 1441 Giulio
586 1376 750 1456 Saibaute,
777 1377 910 1461 patricio
926 1378 1116 1458 Veronese',
1143 1378 1288 1443 Veronae
1303 1398 1334 1442 6.
1354 1394 1575 1443 uocexxxnn
1597 1378 1630 1442 in
1654 1378 1757 1442 lucem
1774 1376 1862 1442 edito
1877 1399 1909 1461 p.
1933 1381 1988 1441 191

361 1495 443 1560 16161
465 1495 547 1561 61166
570 1496 669 1562 libros
692 1518 788 1562 mauu
812 1498 946 1583 scriptos
969 1506 1232 1564 commemoratur
1253 1497 1389 1562 Ausonii
1412 1497 1530 1579 codex,
1567 1518 1662 1580 quem
1685 1498 1822 1563 Maffeus
1846 1497 1897 1562 his
1919 1518 1993 1563 ver-

362 1615 412 1690 bis
436 1615 621 1701 descripsit:
652 1618 803 1683 ‘Ausonii
827 1620 1008 1702 fragmenta
1030 1620 1146 1702 omnia,
1173 1639 1255 1702 quac
1278 1617 1321 1683 ad
1343 1638 1402 1683 nos
1423 1638 1608 1702 pervenere,
1635 1619 1768 1683 membr.
1788 1638 1874 1683 saec.
1893 1618 1992 1682 XIIII

363 1735 483 1801 formae
513 1740 673 1819 quartae'.
721 1758 791 1803 cum
820 1740 919 1823 igitur
948 1740 1022 1805 libri
1049 1740 1229 1806 Saibantini
1259 1756 1569 1805 a.nncccxxxx111
1599 1738 1733 1803 Parisiis
1762 1739 1909 1803 auctione
1931 1759 1993 1822 pu-

362 1856 446 1921 blice
475 1857 648 1923 constituta
677 1858 833 1924 venierint
863 1861 926 1939 ita,
964 1867 997 1925 ut
1034 1860 1162 1926 codices
1191 1859 1323 1943 quidam
1351 1858 1384 1922 in
1415 1858 1650 1942 bybliothecam
1679 1858 1781 1924 musei
1813 1858 1991 1923 Britannici

362 1976 607 2057 inferrenturii,
641 1979 741 2043 maior
763 1988 870 2046 autem
887 2001 969 2069 pars
992 1981 1026 2045 in
1048 1981 1165 2061 Librii,
1193 1980 1233 2045 de
1256 2000 1319 2061 quo
1342 1999 1439 2063 supra
1463 1979 1623 2058 diximus,
1656 1998 1771 2043 manus
1793 1978 1986 2063 perveniret,

361 2096 424 2162 iam
448 2097 523 2162 inde
547 2098 704 2182 suspicari
728 2100 802 2166 lieet
824 2101 965 2167 codicem
989 2101 1211 2166 Saibautinum
1235 2106 1267 2165 et
1285 2100 1637 2178 Ashbumhameusem,
1662 2099 1717 2182 qui
1741 2099 1865 2183 etipse
1888 2119 1989 2164 mem-

362 2218 540 2284 branaceus
568 2224 617 2283 est
639 2240 678 2284 ac
701 2220 821 2286 formae
844 2222 1037 2310 quadratae,
1071 2242 1170 2286 unum
1192 2220 1394 2303 eundemque
1418 2239 1501 2285 esse.
1549 2239 1588 2283 ac
1611 2219 1813 2284 confirmatur
1835 2220 1916 2286 haec
1938 2239 1990 2284 res

362 2357 410 2417 eo,
438 2338 521 2421 quod
545 2339 578 2403 iu
601 2340 897 2408 Ashbumhamensi
921 2341 1116 2408 Ausonianis
1140 2341 1222 2406 haec
1244 2348 1318 2406 suut
1341 2340 1537 2423 subscripta:
1571 2338 1772 2424 ‘Expliciunt
1794 2359 1834 2404 ea
1857 2339 1989 2403 Ausonii

362 2457 559 2540 fragmenta,
593 2480 677 2542 quae
703 2461 815 2527 inuida
837 2469 951 2527 cuncta
973 2461 1143 2527 corrodens
1167 2468 1311 2526 uetustas
1332 2459 1374 2523 ad
1397 2480 1512 2525 manus
1535 2466 1661 2525 nostras
1683 2459 1793 2523 uenire
1815 2458 1987 2544 permisit'.

361 2580 461 2645 verba
483 2579 624 2661 Graeca,
659 2600 742 2663 quae
771 2581 805 2645 in
834 2582 894 2646 hcc
923 2582 1032 2647 codice
1062 2581 1212 2646 omiserat
1238 2580 1388 2645 librarius
1411 2581 1524 2665 spatiis
1546 2579 1711 2660 iudicatis,
1746 2579 1895 2664 suppleta
1918 2586 1991 2644 suut

361 2720 457 2764 manu
485 2701 589 2765 altera
617 2701 714 2786 paulo
743 2702 930 2767 recentiore.
978 2700 1204 2786 subscriptioni
1235 2701 1299 2781 illi,
1339 2722 1436 2783 quam
1466 2720 1563 2785 supra
1599 2699 1859 2779 commemoravi,
1893 2720 1990 2767 manu

361 2841 445 2886 saec.
465 2821 542 2885 XVI
563 2821 691 2887 adiecta
714 2830 788 2888 sunt
809 2830 960 2908 excerpta
983 2823 1096 2888 eadem
1119 2843 1159 2889 ex
1178 2823 1317 2888 carmine
1334 2821 1374 2887 de
1391 2820 1522 2886 urbibus
1538 2820 1699 2885 nobilibus
1719 2820 1880 2904 (XVIIII),
1908 2840 1990 2904 quae

359 2941 393 3004 in
417 2941 545 3007 liliano
574 2942 733 3025 leguntur.
781 2942 1029 3027 descriptionem
1060 2943 1155 3009 huius
1186 2943 1307 3008 codicis
1337 2962 1375 3007 ec
1404 2949 1563 3027 tempore,
1598 2941 1746 3022 quoiam
1769 2940 1871 3005 maior
1894 2941 1989 3006 huius

360 3060 509 3126 editionis
540 3082 614 3146 pars
645 3063 731 3147 typis
754 3084 910 3147 expressa
931 3071 1016 3143 erat,
1051 3084 1175 3130 mecum
1199 3062 1444 3128 communicavit
1465 3063 1557 3126 Aem.
1584 3060 1749 3125 Baehrens
1771 3060 1990 3126 intercedente

360 3182 398 3244 L.
416 3181 687 3264 Mendelssohnio,
714 3184 769 3265 qui
793 3183 888 3249 simul
911 3185 1087 3269 scripturas
1110 3185 1267 3267 quasdam
1291 3203 1329 3247 ex
1353 3182 1535 3246 Gratiarum
1558 3181 1683 3246 actione
1707 3187 1739 3246 et
1762 3180 1902 3265 epistula
1925 3181 1990 3245 XII

360 3303 516 3386 enotavit,
549 3304 633 3369 unde
661 3303 725 3368 iam
757 3325 813 3389 pro
842 3312 928 3370 certo
957 3305 1126 3370 adfirmare
1157 3305 1234 3370 licet
1255 3302 1595 3368 Ashbumhamensem
1618 3322 1658 3366 ex
1681 3301 1822 3367 editione
1845 3301 1990 3386 principe

361 3420 555 3509 descriptum
578 3445 642 3490 non
665 3445 749 3490 6666.

168 3522 215 3563 ‘⁰⁶'
231 3521 348 3622 1111111τῖ
447 3544 656 3611 Vaticanus
678 3549 773 3626 3152,
797 3546 912 3619 chart,
936 3545 1059 3611 formae
1075 3547 1243 3641 oblongae,
1263 3546 1333 3610 foll.
1353 3548 1405 3608 81.
1445 3544 1646 3609 continentur
1661 3542 1720 3608 hoc
1738 3542 1862 3608 codice:
1884 3541 1908 3606 1.
1931 3547 1991 3603 1-

365 3665 402 3727 18
427 3664 492 3729 ulti
516 3665 705 3750 Calphumii
729 3665 830 3730 Siculi
854 3686 983 3730 carmen
1004 3666 1201 3745 bucolicum,
1238 3668 1363 3728 19-12
1387 3664 1470 3730 Celii
1492 3663 1638 3747 Cipriani
1661 3662 1805 3748 episcopi
1827 3661 1990 3745 carthagi-

360 3784 470 3849 nensis
493 3803 605 3850 vcrsus
633 3786 786 3866 [carmina
808 3787 835 3850 V
858 3794 890 3851 et
912 3786 956 3849 VI
976 3787 1046 3869 H.),
1073 3787 1200 3849 23—25
1225 3785 1385 3851 Lactantii
1408 3784 1561 3848 Firmiani
1585 3773 1625 3848 de
1648 3792 1716 3848 ortu
1741 3789 1774 3848 et
1795 3781 1884 3846 obitu
1906 3783 1989 3846 Foc-

359 3904 440 3970 nicis
471 3904 600 3971 carmen
629 3906 922 3989 elegantissimum,
957 3905 1095 3988 denique
1127 3911 1199 3990 post
1226 3904 1366 3988 quinque
1396 3905 1474 3970 16116
1504 3925 1608 3970 vacua
1635 3905 1781 3986 (id—30)
1810 3902 1832 3967 1.
1860 3904 1981 3965 31-81

361 4032 513 4110 excerpta
542 4047 582 4091 ex
613 4026 755 4092 Ausonio
790 4026 1033 4108 (inscribunturt
1063 4026 1215 4091 ‘Ausonii
1238 4025 1394 4110 Pouponii
1417 4025 1514 4090 Liber
1537 4025 1662 4088 Primus
1684 4022 1796 4108 incipit
1818 4021 1984 4086 feliciter’:

361 4145 575 4230 subscriptum
598 4154 670 4230 post
693 4146 840 4212 ultimum
862 4146 1012 4212 Bissulae
1035 4166 1163 4211 cannen
1193 4145 1344 4228 (XXVI)
1375 4145 1531 4230 ‘Explicit
1553 4144 1634 4209 liber
1656 4142 1780 4208 ausonii
1803 4142 1987 4227 protreptici

362 4265 436 4330 Pom
446 4267 463 4348 ’1
479 4269 515 4340 ⁷).
563 4288 602 4332 ex
626 4266 760 4332 Graecis
783 4267 904 4332 omissa
926 4274 999 4332 sunt
1022 4267 1058 4331 B.
1085 4266 1151 4330 XII
1171 4271 1305 4346 11-15,
1332 4267 1369 4329 B.
1395 4265 1486 4346 XIII,
1514 4265 1552 4328 B.
1578 4265 1676 4328 XIIII
1691 4267 1831 4328 25-33.
1873 4283 1987 4326 166666

359 4386 462 4450 611616
485 4385 566 4451 bono
589 4387 697 4452 codiee
721 4388 826 4469 qualis
850 4394 899 4453 est
914 4386 1232 4471 Magliahecchiauus
1255 4407 1315 4451 usa
1336 4386 1368 4451 in
1392 4385 1535 4468 margine
1558 4385 1676 4450 adiecit
1697 4383 1808 4449 titulos
1832 4391 1863 4448 et
1886 4383 1988 4467 scrip-

359 4511 446 4571 turas
469 4507 640 4572 nonnullas
663 4514 759 4591 61666
782 4509 815 4572 111
837 4513 926 4573 tcxtu
949 4507 1020 4593 ipso
1043 4508 1202 4590 quaedam
1219 4507 1367 4573 correxit.
1409 4506 1563 4572 maiorem
1579 4505 1673 4570 huius
1689 4504 1762 4569 libri
1779 4512 1901 4589 partem
1917 4503 1987 4589 ipse

360 4627 490 4709 contuli,
517 4628 603 4692 locos
625 4629 780 4710 quosdam
803 4627 946 4712 inspexit
967 4627 1007 4692 G.
1033 4627 1202 4712 Meyncke.

167 4727 214 4767 ‘⁰⁶'
231 4727 349 4827 viiiiiiii
448 4749 653 4814 Vaticanus
680 4753 772 4830 ltili,
800 4749 914 4826 chart,
942 4748 1063 4813 formae
1085 4748 1261 4832 quadratae
1284 4748 1425 4827 minoris,
1452 4748 1521 4813 1611.
1545 4750 1618 4810 220.
1658 4747 1768 4810 insunt
1790 4745 1984 4829 Propertius,

360 4869 520 4949 Tibullus,
547 4869 684 4952 denique
701 4869 723 4933 1.
746 4874 801 4932 151
822 4888 891 4953 666.
932 4867 1065 4932 Ausonii
1081 4868 1235 4952 opuscula
1264 4867 1503 4949 (inscribuntur:
1536 4866 1687 4931 ‘Ausonii
1704 4872 1818 4949 poetae
1835 4864 1895 4929 uiri
1912 4884 1989 4928 con-

360 4988 478 5053 sularis
501 4991 768 5074 epigrammatum
792 4997 824 5055 et
845 4989 1074 5073 aepistolarum
1097 4987 1313 5070 fragmenta:
1340 4988 1373 5052 in
1396 4987 1459 5052 fine
1483 4986 1675 5070 subscriptio
1691 4984 1818 5050 adiecta
1832 5006 1895 5049 uon
1911 4990 1983 5067 est),

361 5109 476 5190 quibus
499 5131 612 5175 manus
636 5109 792 5176 recentior
808 5109 974 5195 epitaphia
988 5109 1158 5192 quaedam,
1184 5108 1313 5191 Angeli‚
1340 5106 1481 5187 Aemilii,
1509 5107 1611 5171 Porcii
1636 5106 1821 5189 adscripsit.
1862 5107 1988 5171 Graeca

360 5229 478 5294 omissa
500 5238 574 5295 sunt
596 5231 710 5316 spatiis
733 5230 864 5296 relictis.
911 5230 945 5294 in
968 5250 997 5295 e.
1024 5234 1041 5291 1
1065 5228 1175 5294 6611661
1199 5235 1274 5293 6661
1296 5247 1348 5293 vv.
1368 5231 1385 5288 7
1410 5234 1442 5291 et
1465 5230 1502 5293 8:
1529 5227 1621 5293 deest
1644 5247 1673 5292 e.
1701 5230 1757 5304 83ς
1785 5246 1847 5289 non
1872 5225 1987 5291 desunt

447 5526 472 5586 d)
492 5527 524 5574 61.
546 5525 613 5575 ilion.
635 5526 719 5574 Germ.
742 5524 778 5573 St.
800 5527 909 5585 Langob.
930 5540 955 5588 p.
977 5524 1007 5574 41
1028 5525 1085 5571 adu.
1106 5523 1130 5572 2.

447 5611 469 5671 i)
491 5625 554 5672 quae
573 5610 758 5673 Perpennam
782 5611 813 5657 de
833 5612 1018 5671 epigrammatis
1040 5609 1193 5671 166613,
1211 5609 1252 5659 1111.
1275 5610 1346 5661 (laea.
1366 5609 1447 5670 (XXI)
1463 5609 1487 5665 I,
1503 5609 1603 5657 att-to
1623 5610 1722 5657 omissis
1740 5609 1812 5666 dicit,
1834 5609 1898 5657 falas
1915 5611 1984 5656 sunt.
