4358 6234
540 934 571 1028 Ι.
623 930 892 1030 EPISTVLA
925 928 1195 1029 THEODOSI
1226 927 1482 1029 lvuvsll.

283 1165 382 1229 rimor
404 1183 495 1228 meus
517 1161 571 1245 qui
595 1161 627 1226 in
650 1168 681 1226 te
705 1168 755 1226 est
777 1170 808 1227 et
830 1161 999 1226 admiratio
1021 1162 1143 1244 ingenii
1165 1168 1261 1246 atque
1285 1162 1472 1227 eruditionis
1495 1170 1586 1245 tuae,
1619 1181 1701 1244 quae
1725 1163 1823 1227 multo
1843 1171 1880 1232 (Pl

199 1267 451 1347 mammosam,
486 1264 579 1347 fecit,
615 1283 732 1349 parens
755 1263 1003 1344 iucundissime,
1038 1271 1214 1332 utmorem
1237 1265 1437 1349 principibus
1460 1265 1533 1330 aliis
1557 1265 1685 1330 solitum
1709 1285 1825 1348 soque-

198 1377 331 1435 strarem
355 1368 611 1449 familiaremque
635 1387 813 1432 sermonem
837 1368 1070 1452 autographum
1093 1368 1135 1433 ad
1158 1375 1189 1434 te
1211 1368 1471 1448 transmitterem,
1498 1370 1665 1454 postulans
1685 1390 1741 1454 pro
1757 1369 1824 1434 iuro

198 1494 261 1539 non
284 1472 435 1557 equidem
457 1472 564 1555 regio,
597 1471 657 1537 sed
679 1471 767 1536 illius
790 1471 934 1555 privatae
957 1471 1121 1536 internos
1144 1471 1307 1554 caritatis,
1333 1492 1375 1537 ne
1398 1472 1540 1536 fraudari
1563 1492 1614 1537 me
1637 1473 1824 1558 scriptorum

165 1584 323 1642 otuorum
352 1575 489 1642 lectione
517 1574 661 1659 patiaris.
710 1594 793 1657 quae
824 1574 899 1638 olim
931 1574 1010 1639 mihi
1040 1576 1169 1658 cognita
1200 1582 1233 1641 et
1258 1576 1405 1660 iamper
1428 1585 1555 1659 tempus
1578 1576 1679 1642 oblita
1702 1597 1824 1642 rursuru

198 1679 356 1760 desidero,
384 1699 449 1744 non
472 1679 575 1744 solum
598 1684 633 1742 ut
655 1698 739 1761 quae
761 1683 835 1742 sunt
858 1684 934 1743 nota
957 1679 1147 1759 recolantur,
1174 1678 1232 1743 scd
1256 1678 1354 1744 etiam
1378 1685 1413 1743 ut
1427 1698 1478 1757 ea,
1505 1699 1588 1760 quae
1605 1678 1692 1744 fama
1707 1679 1825 1744 celebri

197 1784 326 1849 adiecta
355 1789 588 1863 memorantur,
621 1781 791 1864 accipiam.
839 1801 922 1864 quae
953 1789 987 1845 tu
1011 1780 1050 1846 de
1073 1781 1291 1865 promptuario
1314 1781 1501 1847 scriniorum
1524 1789 1666 1863 tuorum,
1699 1782 1752 1865 qui
1776 1801 1825 1845 rne

198 1906 299 1969 auras,
325 1886 431 1952 libens
453 1885 616 1970 inperties,
643 1890 772 1950 secutus
795 1885 946 1968 exempla
967 1892 1131 1949 auctorum
1146 1885 1347 1969 optimorum,
1374 1884 1490 1967 quibus
1507 1905 1565 1969 par
1581 1904 1653 1949 esse
1668 1883 1823 1949 meruisti.

198 1989 252 2071 qui
275 1989 452 2055 Octaviano
474 1990 620 2072 Augusto
643 2008 746 2053 rerum
769 1988 903 2072 potienti
927 1987 1071 2053 certatim
1095 2008 1195 2073 opera
1217 2008 1276 2053 sua
1297 1989 1477 2068 tradebant,
1505 1988 1593 2053 nullo
1617 1987 1678 2053 fine
1701 1987 1733 2052 in
1756 1986 1826 2051 cius

149 2114 179 2152 ro
199 2094 349 2158 honorem
372 2093 474 2157 multa
497 2091 680 2157 condentes.
726 2092 780 2174 qui
803 2093 877 2158 illos
900 2092 979 2158 haut
1001 2091 1101 2157 sciam
1124 2112 1167 2157 au
1190 2091 1370 2175 acqualiter
1392 2099 1489 2174 atque
1512 2112 1573 2174 ogo
1595 2099 1626 2157 te
1649 2090 1826 2157 admiratus

199 2198 254 2262 sit:
282 2203 367 2263 certe
389 2216 453 2260 non
475 2194 616 2279 amplius
639 2195 805 2279 diligebat.
855 2197 927 2260 vale
951 2215 1079 2280 parens.

300 2413 351 2509 ll.
386 2410 597 2508 DOMINO
630 2411 742 2511 MEO
775 2412 844 2509 ul
877 2410 1102 2508 OllNlVM
1135 2410 1438 2508 THEODOSIO
1471 2410 1726 2508 AVOVOTO

777 2579 1057 2682 AVSONIVS
1090 2579 1248 2681 TVVS.

534 2797 718 2879 Agricolam
741 2797 768 2864 si
791 2795 877 2861 flava
899 2797 997 2862 Ocres
1020 2796 1097 2862 dare
1120 2798 1245 2863 semina
1267 2807 1388 2864 terrae.

621 2899 783 2966 Gradivus
805 2898 915 2964 iubeat
938 2899 966 2963 si
990 2919 1105 2983 capere
1128 2920 1218 2965 arma
1241 2901 1374 2982 ducem,

534 3003 659 3069 solvere
682 3002 723 3068 de
747 3009 839 3087 portu
864 3002 999 3067 classem
1024 3002 1194 3086 Neptunus
1217 3003 1388 3069 inermem:

619 3105 719 3172 fidere
742 3113 808 3172 tarn
832 3105 882 3172 fas
905 3111 954 3170 est
976 3125 1072 3189 quam
1096 3105 1244 3171 dubitare
1268 3106 1377 3187 nefas,

469 3230 481 3266 r,
533 3208 681 3273 insanum
703 3210 850 3293 quamvis
874 3209 993 3275 hiemet
1016 3230 1104 3274 maro
1127 3210 1290 3294 crudaque
1312 3212 1408 3276 tellus

621 3313 797 3380 seminibus
821 3314 906 3379 bollo
929 3334 988 3378 nec
1011 3313 1090 3379 satis
1113 3322 1190 3399 apta
1213 3334 1338 3379 manus.

535 3415 579 3479 nii
602 3415 728 3483 dubites
751 3424 879 3482 auctore
901 3417 996 3482 bono.
1044 3416 1193 3482 mortalia
1215 3424 1372 3501 quaerunt

623 3519 806 3585 consilium:
836 3526 941 3585 certus
963 3519 1055 3584 iussa
1078 3539 1212 3606 capesse
1235 3520 1299 3585 dei.

536 3622 674 3688 scribere
697 3643 748 3688 rue
771 3623 936 3706 Augustus
959 3624 1048 3688 iubet
1070 3631 1103 3688 et
1124 3644 1197 3689 mea
1220 3623 1362 3688 carmina
1384 3623 1502 3708 poscit,

622 3745 725 3810 paene
747 3746 883 3809 rogans:
911 3726 1032 3791 blando
1053 3727 1102 3791 vis
1125 3726 1204 3792 latet
1225 3727 1371 3813 imperio.

535 3848 598 3894 non
620 3829 724 3894 habeo
746 3829 926 3912 ingenium:
954 3829 1077 3896 Caesar
1098 3829 1156 3894 sed
1179 3830 1287 3895 iussit:
1317 3831 1451 3896 habebo.

621 3952 677 3998 cur
699 3953 751 3998 mo
773 3952 868 4018 posse
890 3954 1023 4017 negem,
1052 3953 1147 4018 posse
1171 3934 1254 4016 quod
1278 3934 1334 3999 illo
1358 3941 1469 4018 putati

536 4035 698 4101 invalidas
721 4036 806 4101 vires
829 4035 898 4120 ipse
922 4037 1042 4117 excitat
1064 4043 1096 4102 et
1118 4036 1207 4101 iuvat
1229 4036 1334 4118 idern,
1393 4020 1396 4026 ⁴

622 4139 677 4223 qui
700 4139 804 4205 iubet:
833 4140 1022 4221 obsequium
1045 4138 1163 4204 sufficit
1186 4160 1258 4204 csse
1281 4160 1398 4204 mount.

454 4261 483 4301 to
537 4263 600 4307 non
622 4249 723 4307 tutum
748 4243 893 4308 renuisse
917 4242 995 4308 deo:
1023 4242 1156 4308 laudata
1178 4243 1308 4327 pudoris

623 4365 720 4430 saepe
743 4354 920 4424 moreest,
947 4347 1094 4428 quotiens
1117 4354 1226 4411 contra
1250 4368 1359 4430 parem
1383 4345 1523 4412 dubitcs.

288 4593 321 4641 ll.
359 4591 452 4639 5Hor.
473 4592 526 4641 Sat.
548 4593 570 4639 ll
590 4590 615 4648 2,
639 4591 768 4639 i'istrum
862 4593 1040 4639 hicmatnrare
1145 4591 1257 4650 OVerg.
1280 4593 1343 4640 liert.
1366 4592 1374 4638 l
1396 4591 1426 4639 ῑῖ
1447 4594 1515 4639 iussu
1534 4605 1662 4652 capessere

290 4817 310 4864 l.
348 4815 440 4876 Incipit
466 4815 573 4876 epistola
593 4814 713 4861 Theodosi
733 4816 842 4874 Augusti
872 4814 901 4874 P,
931 4814 1084 4861 Theodosius
1112 4814 1241 4875 Augustus
1269 4814 1380 4861 Ausonio
1408 4814 1508 4862 Parenti
1537 4815 1643 4861 salutern
1669 4812 1740 4863 Ven.⁴
1757 4815 1829 4873 ooipo

203 4900 458 4949 ‘liocnndissimoP
561 4902 649 4949 solitus
670 4901 696 4959 P,
717 4902 818 4949 solitum
844 4898 916 4949 l'en.⁴
1030 4900 1166 4961 lquidem
1192 4897 1263 4947 Peru.⁴
1282 4900 1352 4959 eoipo
1465 4900 1617 4959 Odesydero
1639 4900 1659 4946 P
1763 4914 1829 4947 reco-

203 4989 252 5035 lam
272 4987 329 5036 Por.
351 4989 422 5049 volpe
536 4989 610 5035 etiarn
630 5001 678 5034 om.
697 4985 852 5046 Ven.⁴volpo
967 4986 979 5032 i
1000 4986 1151 5048 promtuario
1170 4989 1323 5033 scrineorum
1345 4984 1366 5031 P
1480 4986 1619 5048 inenies
1637 4987 1667 5047 P,
1688 4989 1829 5049 impartiare

208 5072 287 5133 ΜΛ,
308 5075 454 5136 impartiare
474 5074 539 5123 Scol.
559 5076 632 5134 oolpo
738 5074 769 5122 lO
789 5075 854 5122 haud
880 5071 951 5121 ναι*
1054 5074 1150 5134 adquae
1169 5072 1198 5134 P,
1219 5087 1246 5120 uc
1269 5070 1339 5122 ἴοι*
1354 5075 1425 5134 colpe
1533 5073 1561 5122 li
1583 5076 1630 5121 scit
1651 5073 1680 5131 P,
1700 5074 1735 5120 slt
1758 5070 1830 5120 Ven.⁴

291 5161 325 5209 ll.
365 5160 487 5209 leodosio
505 5162 658 5209 {Ausonius
675 5161 699 5221 V,
724 5163 877 5222 llesponsirra
890 5162 998 5209 Ausonii
1016 5161 1046 5208 ad
1059 5161 1226 5210 Theodosium
1241 5163 1384 5219 rirrgustmn
1398 5157 1460 5222 Ros.
1487 5161 1594 5208 Domino
1613 5161 1828 5208 nreoetomnium

204 5245 368 5294 Theodosium
388 5248 512 5307 Augusto.
540 5248 668 5295 Ausonius
687 5255 747 5296 tuus
767 5248 796 5308 Ρ,
818 5249 945 5296 Ausonius
965 5247 1103 5296 Theodosio
1121 5248 1237 5306 Augusto
1260 5243 1330 5294 Vens
1460 5245 1468 5293 i
1492 5248 1604 5305 Agricola
1629 5247 1774 5305 VQAgrlcol
1792 5244 1829 5292 m²

203 5334 301 5394 inrue.)
409 5324 559 5392 tgradlu‘s
583 5333 602 5380 V
622 5330 666 5393 [m2
684 5336 711 5380 in
728 5338 791 5394 roa.)
897 5333 1027 5395 lnephss
1049 5333 1069 5379 P
1173 5322 1366 5393 bvrrroaq⁸rv
1469 5333 1485 5379 b
1503 5334 1560 5379 abta
1578 5333 1596 5378 i'
1700 5332 1792 5379 inicii
1812 5333 1830 5377 t'

204 5420 237 5480 (cl
256 5421 332 5480 eros.)
438 5402 504 5468 bonu
527 5419 547 5464 V
660 5419 676 5465 ii
695 5426 720 5466 et
738 5422 763 5467 in
783 5435 811 5466 ea
831 5419 853 5465 Ρ
969 5418 999 5467 iO
1019 5421 1061 5466 uir
1081 5419 1104 5465 P
1221 5419 1246 5467 il
1270 5419 1373 5477 ingenio
1392 5416 1420 5477 P,
1442 5418 1468 5465 id
1487 5421 1553 5477 genii
1579 5417 1651 5466 i'en.⁴
1754 5420 1829 5465 iussit

208 5505 229 5554 i'
247 5507 267 5565 (t
284 5507 311 5554 in
328 5519 379 5553 ruo.
399 5502 444 5564 νηΐ]
566 5505 595 5553 13
615 5507 694 5554 euitat
719 5507 738 5552 i'
862 5505 890 5553 11
910 5519 966 5552 esse
990 5506 1009 5549 P
1031 5503 1108 5561 ΨΜ,
1131 5508 1184 5566 ipse
1204 5505 1226 5551 P
1348 5503 1378 5551 ¹5
1397 5509 1476 5551 totum
1499 5505 1521 5551 P
1634 5506 1753 5552 romnissc
1776 5502 1829 5550 i'rn¹

206 5589 238 5638 16
255 5592 351 5639 attens
375 5591 395 5637 V
497 5593 591 5640 diuites
614 5593 632 5638 V

280 5691 400 5733 Amanus.
1609 5694 1619 5742 1
