4358 6234
744 330 957 387 EPISTVLAE
980 331 1227 396 (XVIIII—XXI).

716 695 791 760 XX.
820 693 1034 762 AVSONIVS
1056 693 1255 759 PAVLINO.

507 867 642 935 Paulino
665 866 843 933 Ausonius:
871 873 1005 932 metrum
1029 867 1077 932 sio
1099 867 1217 948 suasit,
1246 873 1280 932 ut
1302 886 1393 933 esses

593 978 626 1036 tu
648 970 734 1056 prior
756 977 789 1037 et
810 991 926 1035 nomen
948 969 1197 1056 praegrederere
1220 991 1346 1036 meum:

505 1095 699 1160 quamquam
722 1081 755 1141 et
776 1074 931 1140 fastorum
954 1074 1046 1140 titulo
1068 1073 1155 1158 prior
1177 1081 1210 1140 et
1231 1080 1287 1139 tua
1310 1076 1431 1140 Romae

566 1252 569 1257 ,
590 1177 768 1263 praecessit
789 1184 932 1243 nostrum
955 1178 1039 1254 sella
1061 1177 1182 1243 curulis
1205 1178 1284 1243 ebur

438 1304 451 1344 s
505 1288 553 1365 et,
580 1302 664 1364 quae
687 1280 875 1347 iamdudum
898 1280 957 1347 tibi
980 1281 1089 1366 palma
1111 1280 1239 1366 poetica
1260 1281 1380 1365 pollet,

591 1385 744 1451 lemnisco
767 1393 880 1450 ornata
903 1392 968 1467 est,
995 1404 1059 1467 quo
1082 1404 1156 1449 mea
1178 1385 1289 1470 palma
1311 1390 1408 1449 caret.

504 1489 683 1572 longaevae
706 1495 828 1554 tanturn
852 1508 1041 1573 superamus
1064 1487 1185 1553 bonore
1208 1493 1372 1553 senectae.

590 1591 669 1674 quid
692 1591 810 1658 refert?
832 1592 942 1657 cornix
965 1612 1029 1657 uon
1051 1590 1126 1657 ideo
1149 1598 1224 1657 autc
1249 1611 1402 1674 cycnum:

504 1716 564 1762 nee
586 1695 662 1778 quia
684 1695 773 1761 rnille
796 1715 899 1761 annos
920 1695 1001 1761 vivit
1023 1695 1223 1778 Gangeticus
1245 1696 1331 1778 ales,

421 1820 450 1860 ro
590 1797 689 1864 vincit
711 1804 838 1864 centum
861 1799 991 1880 oculos,
1017 1799 1107 1882 regie
1130 1818 1229 1884 pave,
1255 1805 1341 1864 tuos.

505 1902 649 1969 cedimus
671 1901 819 1985 ingenio,
846 1908 999 1985 quantum
1023 1901 1247 1986 praecedimus
1269 1923 1369 1968 aevo:

590 2005 736 2089 adsurgit
757 2025 870 2071 musae
893 2012 1002 2071 nostra
1024 2024 1158 2071 camena
1179 2012 1267 2071 tuae.

503 2109 577 2175 vive
600 2109 673 2174 vale
696 2114 729 2174 et
749 2107 881 2174 totidem
904 2115 1056 2174 venturos
1078 2129 1210 2175 consere
1233 2109 1343 2191 ianos,

590 2220 668 2295 quot
689 2218 763 2277 tuus
785 2219 842 2277 aut
863 2219 971 2278 noster
993 2231 1185 2279 conseruere
1207 2220 1326 2299 patres.

710 2470 801 2535 XXI.
828 2469 1041 2536 AVSONIVS
1064 2471 1265 2537 PAVLINO.

970 2624 1003 2691 l.

254 2782 381 2861 Quanto
412 2803 464 2848 me
491 2782 601 2848 affecit
629 2781 785 2847 beneficio
812 2801 876 2846 uon
899 2781 1010 2847 delata
1032 2781 1200 2865 equidem,
1233 2781 1291 2847 sed
1322 2790 1474 2868 suscepta
1495 2783 1693 2866 querimonia
1714 2803 1795 2863 mea,
1818 2799 1866 2849 411

168 2887 303 2953 Pauline
333 2887 395 2952 fili!
431 2887 552 2954 veritus
580 2885 785 2971 displicuisse
814 2885 919 2950 oleum
949 2887 1033 2968 quod
1062 2885 1217 2967 miseras,
1253 2905 1369 2952 munus
1396 2887 1534 2952 iterasti:
1567 2887 1678 2952 addito
1700 2886 1799 2952 etiam
1818 2888 1861 2948 (ω)

167 2989 418 3056 Barcinonensis
446 2989 568 3056 muriae
598 2987 800 3055 condimento
829 2987 1023 3052 cumulatius
1053 2988 1253 3073 praestitisti.
1308 2988 1372 3054 scis
1401 2998 1508 3056 autem
1538 3011 1589 3055 me
1618 2989 1654 3054 id
1684 3009 1800 3054 nomen

167 3092 301 3175 muriae,
327 3092 412 3175 quod
435 3093 469 3158 iu
492 3113 552 3158 usu
575 3092 664 3175 vulgi
688 3098 748 3174 est,
774 3111 833 3157 uec
856 3091 959 3155 solere
982 3110 1042 3156 nee
1063 3111 1158 3176 posse
1181 3090 1306 3173 dicere,
1333 3111 1405 3157 cum
1429 3093 1634 3158 scientissimi
1656 3099 1799 3158 veterum

134 3202 200 3261 eet
222 3195 348 3262 Graeca
377 3197 536 3262 vocabula
564 3195 767 3262 fastidientes
789 3194 940 3260 Latinum
966 3194 1001 3259 in
1024 3195 1094 3277 gari
1116 3195 1335 3281 appellatione
1358 3216 1420 3261 nou
1443 3195 1594 3262 habeant.
1643 3195 1701 3262 sed
1723 3215 1795 3278 ego,

167 3318 370 3382 quocumque
391 3299 520 3365 nomine
543 3300 647 3382 liquor
669 3299 730 3364 iste
754 3297 912 3363 sociorum
936 3304 1076 3380 vocatur,

504 3472 568 3536 iam
591 3471 720 3556 patinas
742 3470 883 3554 implebo
906 3488 1013 3552 meas,
1041 3477 1075 3536 ut
1097 3472 1222 3556 parcior
1244 3471 1300 3537 illo
1748 3482 1799 3532 412

503 3575 658 3641 maiorum
682 3574 804 3641 mensis
826 3574 976 3658 applaria
999 3594 1095 3640 sucus
1117 3575 1265 3640 inundet.

254 3762 340 3841 Quid
362 3770 469 3830 autem
486 3770 552 3827 tam
569 3763 709 3829 amabile
725 3768 854 3846 tamque
871 3763 1041 3848 hospitale,
1068 3784 1164 3848 quam
1180 3766 1266 3846 quod
1282 3771 1328 3845 tu,
1356 3765 1421 3850 (ut)
1439 3785 1491 3830 me
1507 3763 1690 3850 participes,
1717 3762 1800 3829 deli-

116 3884 146 3924 ro
166 3866 235 3932 cias
257 3873 330 3933 tuas
351 3867 385 3932 iu
407 3867 481 3952 ipsa
502 3867 715 3953 primitiarum
738 3868 879 3933 novitate
903 3866 1081 3933 defrudasl
1118 3869 1256 3934 omellc
1280 3868 1423 3951 dulcior,
1449 3889 1468 3933 o
1491 3867 1674 3933 Gratiarum
1698 3886 1800 3932 venu-

166 3977 249 4035 state
272 3969 433 4052 festivior,
467 3992 485 4036 o
508 3971 549 4036 ab
571 3970 719 4036 omnibus
742 3971 844 4054 patrio
867 3970 1055 4054 stringende
1077 3973 1262 4056 complexu!
1299 3972 1357 4037 sed
1380 3972 1460 4038 baec
1481 3979 1577 4055 ablue
1599 3970 1666 4035 alia
1688 3969 1800 4034 buius-

165 4072 252 4139 modi
267 4072 459 4139 documenta
473 4074 618 4140 liberalis
634 4074 732 4139 animi
748 4074 866 4157 aliquis
882 4074 1018 4140 fortasse
1040 4074 1248 4161 (imitabitur)
1265 4084 1298 4141 et
1312 4075 1498 4158 aliquando,
1525 4073 1672 4157 quemvis
1687 4092 1796 4137 rarus:

252 4352 310 4402 XX.
352 4352 383 4402 12
402 4355 477 4414 Verg.
499 4353 552 4402 Ecl.
574 4354 609 4402 v1
629 4353 662 4403 66
681 4359 761 4416 utque
781 4355 832 4402 viro
850 4354 943 4401 Phoebi
962 4353 1052 4401 chorus
1070 4352 1243 4402 adsurrexerit
1260 4355 1343 4402 curule

252 4438 323 4488 XXI.
346 4434 376 4489 l·
412 4438 519 4488 bliaut.
541 4440 605 4488 Xlll
627 4439 674 4489 102
693 4439 787 4488 (larum
806 4441 926 4488 sociorum
963 4439 1028 4489 Pllu.
1051 4440 1081 4488 N.
1103 4440 1135 4488 ll.
1158 4440 1245 4489 XXXl
1265 4439 1297 4489 ut
1316 4442 1438 4489 sociorum
1456 4440 1481 4487 ld
1500 4441 1644 4502 opponatur
1662 4475 1669 4488 .
1686 4475 1714 4490 ..

251 4697 309 4747 XX.
347 4696 469 4746 mmai
575 4700 620 4747 sal.
642 4700 677 4759 pl.
699 4700 761 4747 dicit
778 4697 836 4746 odd.
855 4698 908 4757 ΤΕ,
929 4713 948 4748 s.
964 4715 990 4760 p.
1007 4698 1031 4746 d.
1051 4714 1109 4746 mcv
1122 4700 1193 4758 culpo
1299 4699 1314 4746 3
1333 4713 1476 4760 quanquam
1496 4696 1510 4746 λ
1615 4678 1803 4747 bledirlscoT

164 4781 252 4834 Smin
275 4785 296 4831 Τ
407 4787 507 4845 clgnum
529 4783 565 4833 Τλ
691 4784 721 4832 10
740 4799 804 4846 pauo
823 4782 880 4849 λχΕ
1002 4783 1032 4832 12
1051 4787 1162 4845 assurgit
1184 4786 1204 4831 Τ
1317 4782 1468 4833 camoenul
1594 4783 1623 4831 13
1642 4797 1748 4843 congere
1767 4800 1797 4834 om

164 4883 267 4919 consere
285 4867 384 4919 Gronov

250 4955 323 5006 xxl.
360 4957 450 5006 humo
468 4955 497 5002 M
626 4971 671 5004 suo
689 4956 734 5005 sel.
756 4957 792 5016 pl.
813 4957 839 5005 d.
859 4955 918 5004 add.
942 4956 973 5019 Τ,
992 4971 1036 5005 suo
1055 4958 1101 5006 sul.
1122 4958 1157 5006 dl.
1180 4957 1288 5017 Eoolpo
1418 4956 1523 5004 Paulino
1545 4971 1590 5004 suo
1608 4971 1629 5005 s.
1649 4970 1675 5019 p.
1696 4957 1721 5007 d.
1741 4972 1800 5005 mun

165 5037 196 5092 l·
234 5042 244 5092 l
266 5043 349 5106 delate
372 5043 398 5104 Τ,
419 5043 502 5090 delate
522 5041 558 5105 M,
584 5042 668 5090 delate
686 5043 729 5107 χΕ
868 5042 971 5103 quidem
990 5042 1067 5108 ΜχΕ,
1088 5057 1135 5092 om.
1162 5043 1189 5103 Τ,
1213 5042 1330 5104 equldom
1349 5057 1392 5103 epo
1531 5056 1586 5090 mea
1604 5044 1760 5105 qucrimonia
1781 5043 1802 5089 Τ

165 5127 293 5177 bucrltss
314 5128 343 5176 M
442 5129 547 5176 iberusti
567 5127 595 5174 M
710 5128 924 5176 3barrnoncnsis
944 5128 971 5175 M
1086 5128 1225 5177 inolentis
1244 5143 1298 5176 sum
1321 5130 1342 5174 Τ
1361 5129 1539 5191 (sclcutlssuml
1553 5130 1574 5189 Ρ)
1691 5129 1798 5177 blasti·

164 5215 260 5262 clientis
283 5215 304 5260 Τ
424 5216 451 5264 tn
470 5216 521 5276 gari
542 5213 569 5260 Μ
591 5211 673 5274 Ven.⁴,
694 5214 775 5273 igneri
796 5214 826 5272 Τ,
846 5215 947 5274 uulgari
964 5215 1008 5279 χΕ
1133 5214 1221 5274 bpoct
1239 5216 1340 5262 nomina
1359 5213 1417 5263 cdd.
1439 5215 1549 5275 loqueris
1568 5214 1596 5274 E,
1618 5216 1706 5278 loquar
1728 5212 1800 5264 l'en.⁴

164 5300 237 5360 coloe
357 5302 442 5362 liquor
460 5297 520 5366 iste]
537 5301 663 5362 liquorum
683 5304 708 5347 te
728 5300 749 5346 Τ
869 5301 922 5349 vale
939 5305 994 5360 post
1014 5306 1114 5348 vocetur
1130 5300 1189 5349 odd.
1215 5297 1289 5347 l'en.⁴
1305 5300 1377 5361 volpo
1504 5298 1518 5347 'l
1537 5301 1604 5369 ptlor
1625 5301 1652 5362 Τ,
1673 5301 1756 5363 paclor
1775 5300 1803 5348 M

165 5384 181 5435 8
199 5385 326 5448 oppetatis
345 5387 366 5433 Τ
388 5387 412 5447 lp
429 5401 468 5448 pt.
489 5400 518 5434 ex
535 5386 552 5434 d
569 5387 608 5433 vel
625 5386 655 5447 l),
675 5387 783 5448 epularis
801 5385 853 5450 Μχ,
875 5389 987 5449 applaria
1005 5386 1072 5436 scol.
1198 5399 1288 5435 succus
1306 5399 1328 5433 ω
1451 5385 1467 5435 9
1485 5386 1551 5446 quod
1570 5401 1603 5449 ω,
1622 5386 1686 5449 quid
1704 5387 1764 5436 Pur.

166 5467 263 5538 suum]
280 5472 366 5520 eutl'
469 5473 622 5535 bospltubile
644 5472 664 5519 Τ
768 5477 798 5519 ut
815 5486 864 5521 om.
886 5487 918 5532 ω,
939 5472 997 5521 add.
1020 5473 1049 5533 Ε,
1071 5473 1131 5520 dum
1150 5472 1208 5521 cdd.
1230 5472 1320 5520 Hand
1426 5469 1457 5520 lo
1475 5472 1593 5521 detrudas
1616 5473 1644 5533 Τ,
1668 5472 1801 5522 debendus

165 5561 212 5607 cet.
336 5561 472 5618 murrum
492 5557 528 5621 M,
548 5560 629 5618 grene
649 5558 679 5621 Τ,
699 5559 792 5618 gratiae
810 5563 854 5607 eet.
875 5560 947 5619 volpe
1072 5559 1100 5608 ll
1121 5554 1250 5625 omnibus]
1267 5558 1412 5607 lromlnlbus
1432 5556 1502 5622 ΜχΕ
1621 5555 1697 5626 baec]
1714 5558 1760 5607 boo
1780 5557 1802 5606 Τ

170 5640 202 5693 1²
219 5638 323 5711 sllquis]
340 5644 417 5694 alicui
438 5645 492 5693 deu
509 5645 582 5708 volpe
686 5645 827 5694 lmitsbltur
845 5645 933 5695 cddtdt'
1036 5647 1116 5694 tulus
1135 5644 1217 5707 [κυφά.
1238 5645 1312 5707 volgo
