4358 6234
1010 317 1163 375 Avsoun

700 643 733 710 3.
760 643 807 707 IN
830 644 933 708 EINE
956 644 1145 711 EIVSDEM
1168 645 1285 710 LIBRI
1307 645 1471 711 ADDITI.

609 818 773 882 Hactenus
796 815 957 902 adscripsi
979 815 1095 882 fastos.
1143 818 1170 882 si
1193 817 1260 883 fors
1282 820 1382 902 volet,
1408 819 1494 885 ultra

694 919 852 986 adiciam:
879 920 1011 999 sinon,
1038 921 1093 1003 qui
1120 920 1222 1003 legis,
1248 921 1383 987 adicies.

608 1023 690 1088 scire
713 1023 821 1107 cupis,
846 1023 902 1106 qui
926 1023 1009 1088 simt
1039 1023 1185 1103 titulum,
1212 1024 1267 1105 qui
1290 1032 1423 1109 quartus
1446 1025 1488 1091 ab
1511 1025 1574 1089 imo
1597 1032 1664 1106 est,

694 1145 832 1208 quaere:
859 1126 950 1210 logos
972 1146 1088 1191 nornen
1111 1125 1253 1191 consulis
1275 1126 1422 1191 Ausonii.

926 1383 960 1449 4.
984 1383 1044 1448 DE
1067 1384 1226 1450 EODEM.

607 1558 703 1622 Vrbis
727 1558 768 1622 ab
791 1563 942 1622 aeternae
966 1556 1137 1621 deductam
1161 1577 1237 1640 rege
1260 1557 1393 1635 Quirino

697 1680 851 1724 annorum
875 1659 991 1725 scriem
1014 1680 1104 1735 curn,
1132 1661 1282 1741 Procula,
1308 1660 1467 1745 accipies,

608 1763 698 1828 mille
720 1782 821 1829 annos
844 1770 1035 1845 centumque
1059 1770 1091 1828 et
1114 1763 1163 1828 bis
1186 1761 1317 1829 fluxisse
1340 1783 1483 1829 novenos

694 1866 836 1930 consulis
859 1865 994 1931 Ausonii
1016 1885 1132 1931 nomen
1155 1867 1198 1931 ad
1221 1885 1323 1949 usque
1347 1867 1450 1951 leges.

541 1984 554 2022 ⁵
608 1969 773 2043 torserit,
800 1978 849 2050 ut,
876 1969 1011 2034 lustrum
1035 1989 1107 2034 cum
1131 1988 1166 2034 se
1190 1959 1402 2036 cumulaverit
1423 1969 1510 2048 istis,

695 2072 871 2138 confectam
894 2072 1049 2137 Proculus
1072 2072 1179 2155 signet
1200 2073 1430 2157 olympiadem.

598 2652 757 2750 XXIII.
791 2649 1072 2748 Ausonius
1106 2650 1384 2748 DREPANIO
1417 2650 1574 2747 FILIO.

716 2865 794 2930 ‘Oui
817 2865 900 2931 dono
923 2864 1067 2949 lepidum
1091 2885 1206 2930 novum
1231 2865 1409 2931 libellumi'

712 2969 907 3034 Veronensis
929 2968 976 3033 ait
1001 2975 1098 3052 poeta
1119 2968 1280 3050 quondam

711 3071 905 3153 inventoque
928 3070 1018 3137 dedit
1040 3071 1147 3136 statim
1170 3071 1300 3156 Nepoti.

711 3183 745 3240 at
766 3194 824 3241 nos
846 3174 1040 3258 inlepidum,
1068 3174 1179 3239 rudem
1202 3174 1363 3254 libellum,

646 3311 657 3347 c
712 3279 826 3343 burras
848 3277 1039 3362 quisquilias
1063 3277 1283 3362 mortuasque,

712 3382 879 3447 credemus
902 3381 1025 3464 gremio
1047 3381 1099 3445 cui
1123 3379 1318 3445 fovendum?

712 3485 840 3567 inveni,
867 3482 1013 3569 trepidae
1037 3483 1131 3548 silete
1155 3503 1277 3566 nugae,

711 3609 772 3653 nec
794 3588 922 3653 doctum
946 3586 1052 3651 minus
1075 3593 1107 3651 et
1128 3587 1232 3670 magis
1256 3586 1449 3669 benignum,

711 3712 807 3774 quarn
830 3711 925 3774 quem
949 3689 1058 3755 Gallia
1080 3690 1229 3774 praebuit
1251 3690 1389 3755 Catullo.

711 3795 771 3861 hoc
793 3795 901 3858 nullus
924 3792 1002 3857 mihi
1026 3793 1129 3858 carior
1150 3813 1309 3873 meorum,

710 3919 805 3981 quem
829 3897 930 3982 pluris
953 3896 1076 3961 faciunt
1098 3916 1213 3962 novem
1237 3916 1378 3962 sorores.

711 4022 807 4084 quam
831 4007 961 4065 cuncus
984 4000 1085 4078 alios,
1112 4000 1243 4065 Marone
1267 4000 1407 4083 dempto.

710 4105 863 4169 Pacatum
887 4103 967 4168 haut
989 4104 1104 4181 dubie,
1130 4110 1241 4188 poeta,
1269 4102 1372 4168 diois?

710 4208 781 4292 ipse
804 4214 864 4272 est.
912 4204 1072 4290 intrepide
1095 4207 1219 4286 volate,
1246 4226 1376 4288 versus,

627 4344 656 4384 ιε,
710 4318 742 4376 et
764 4310 875 4376 nidum
899 4309 933 4375 in
955 4309 1077 4392 gremio
1101 4310 1208 4376 fovete
1230 4315 1309 4374 tuto.

357 4595 441 4643 XXII.
462 4591 492 4644 8.
529 4594 544 4643 3
564 4593 636 4642 Mart.
658 4593 692 4639 XI
713 4590 738 4650 S,
763 4590 791 4638 13
811 4592 875 4637 sciro
893 4591 966 4651 cupis
985 4602 1074 4635 nomeu

357 4682 456 4730 XXIII.
496 4680 505 4729 1
529 4679 624 4728 Catuli.
645 4680 654 4726 I
676 4678 756 4740 lsqq.
778 4677 840 4736 Quoi
860 4677 923 4724 dono
944 4676 1057 4738 lepidum
1082 4688 1173 4723 novum
1198 4675 1310 4722 libellum
1405 4674 1520 4732 Corneli¹
1541 4675 1589 4722 ubi
1697 4674 1777 4736 idrq.
1798 4670 1890 4722 Marti

269 4768 294 4829 3,
319 4767 347 4816 il
369 4768 490 4816 aetherias
510 4803 561 4817 ...
583 4767 655 4828 cupIs
675 4767 778 4815 volitare
797 4778 841 4826 per
858 4776 931 4810 auras
951 4798 957 4811 .
974 4799 1002 4811 ..
1025 4762 1068 4809 ssd
1087 4769 1185 4825 poteras
1203 4762 1282 4808 tutIor
1299 4773 1355 4808 csse
1375 4760 1457 4820 domi;
1476 4759 1512 4820 rs.
1534 4759 1609 4810 Mart.
1631 4761 1677 4807 111
1695 4762 1720 4822 2,
1740 4764 1757 4807 6

358 5023 388 5077 8.
424 5029 546 5076 Additum
565 5029 592 5076 In
611 5027 660 5074 dne
679 5027 800 5073 fastorum
818 5040 842 5085 a,
864 5023 892 5070 Iu
911 5023 962 5070 dus
981 5021 1094 5070 eiusdem
1112 5021 1169 5068 libri
1188 5020 1271 5069 additi
1290 5019 1319 5067 Μ
1334 5025 1392 5081 eet,
1411 5020 1512 5067 uallum
1530 5019 1619 5067 lamma
1640 5017 1661 5065 Τ
1798 5017 1894 5068 sedor-

270 5115 333 5160 ciam
355 5150 406 5163 ...
426 5114 534 5162 adureres
555 5113 576 5159 Τ

357 5194 387 5248 4.
425 5200 462 5247 Da
481 5200 567 5247 eodem
584 5197 636 5261 sss,
659 5198 697 5245 Da
715 5197 800 5247 codem
820 5196 941 5243 fastorum
961 5194 1025 5242 libro
1042 5198 1099 5254 cet,
1119 5194 1219 5241 nullum
1232 5194 1322 5241 tommo
1339 5193 1369 5255 Τ,
1391 5193 1428 5241 De
1447 5193 1534 5240 eodem
1553 5192 1583 5240 ad
1602 5190 1734 5239 Proculum
1755 5188 1818 5241 neu
1832 5190 1896 5249 min

270 5285 411 5348 Esccipiss
431 5284 459 5332 II
562 5283 762 5345 (IolympIsdanr
783 5277 940 5340 nummu
960 5279 993 5340 es.
1016 5280 1077 5326 XXI
1097 5282 1119 5339 1,
1143 5281 1267 5327 '22’012’1'
1593 5345 1598 5356 Ι

361 5371 458 5420 xxm.
498 5372 626 5419 Ausonius
645 5370 771 5431 Drapsnto
789 5367 853 5415 suro
876 5366 896 5412 V
919 5366 954 5423 (in
970 5380 1021 5424 my.
1040 5360 1078 5412 m²
1104 5369 1213 5412 matrum
1237 5366 1382 5412 tricinium.
1421 5364 1629 5425 endecadibus),
1659 5363 1787 5413 Ausonias
1813 5360 1897 5411 ucho

272 5456 361 5504 Pacato
381 5458 507 5519 Dropsuto
525 5458 577 5506 filio
595 5456 662 5505 Serri.
683 5456 754 5515 oolyo
871 5451 1049 5502 duerouossm
1072 5451 1092 5498 V
1205 5455 1303 5513 postam
1330 5450 1398 5511 V(m
1417 5449 1464 5498 del.
1485 5444 1530 5510 ma)
1647 5446 1746 5498 drudo
1767 5446 1796 5509 7,
1814 5444 1897 5499 ab

271 5540 426 5592 Palmcams
528 5541 555 5591 11
577 5542 692 5606 piurtans
708 5537 923 5603 Epinrislmod.
1025 5534 1054 5584 tr
1074 5548 1190 5584 maronae
1206 5535 1377 5589 Visaltdci.
1393 5531 1438 5595 011²)
1526 5532 1649 5582 domtoi'
1734 5530 1768 5585 1⁸
1783 5528 1895 5584 unt-r.

270 5627 357 5675 uirium
375 5628 442 5677 sear.
