4358 6234
1005 321 1159 380 AVSONll

537 537 549 575 s
604 515 734 578 Bissula
756 515 790 579 in
812 514 874 580 hoo
896 514 1028 579 sehedio
1050 514 1249 580 cantabitur:
1277 522 1373 598 utque
1396 515 1546 582 Cratinus

688 617 845 683 admoneo
868 626 943 683 ante
966 617 1068 683 bibas.

600 719 720 785 ieiunis
743 721 788 785 nil
811 721 925 786 scribo.
973 740 1079 786 meum
1102 728 1175 805 post
1196 722 1312 805 pooula
1335 722 1362 786 si
1385 723 1458 805 quis

690 824 821 908 legerit,
847 824 900 890 hio
922 825 1038 909 sapiet.

603 928 661 993 sed
684 927 789 1010 magis
811 927 863 993 bio
885 928 1007 1012 sapiet,
1035 927 1062 993 si
1086 927 1237 992 dormiet:
1265 934 1298 994 et
1318 935 1410 1013 putet
1431 929 1495 994 ista

522 1051 550 1092 ro
690 1031 813 1095 somnia
836 1030 935 1095 missa
957 1030 1029 1095 sibi.

313 1323 348 1390 l.
378 1326 448 1388 VBl
471 1323 587 1388 NATA
611 1325 679 1388 sm*
702 1325 879 1390 BISSVLA
903 1325 959 1390 ET
981 1324 1067 1402 Qvo
1090 1327 1210 1393 MODO
1232 1329 1280 1393 IN
1302 1326 1448 1392 MANVS
1470 1327 1628 1394 DOMINI
1651 1328 1850 1393 VENERIT.

604 1498 749 1577 Bissula,
775 1506 864 1563 trans
887 1498 1030 1581 gelidum
1054 1500 1153 1584 stirpe
1176 1508 1209 1566 et
1231 1502 1297 1565 lare
1320 1505 1451 1584 prosata
1472 1498 1639 1579 Rhenum,
1844 1510 1890 1560 aas

692 1601 820 1666 conseia
842 1601 1006 1666 uasoentis
1030 1602 1161 1667 Bissula
1182 1603 1340 1683 Danuvii,

604 1711 698 1788 capta
721 1725 834 1785 mauu,
862 1705 920 1769 sed
943 1706 1045 1771 missa
1068 1727 1164 1771 manu
1189 1707 1373 1772 dominatur
1393 1705 1427 1769 in
1450 1705 1521 1771 eius

690 1808 830 1887 deliciis,
858 1810 949 1875 ouius
972 1810 1090 1875 bellioa
1113 1811 1235 1894 praeda
1257 1809 1326 1875 fuit.

537 1934 550 1971 a
603 1917 705 1976 matre
728 1931 858 1993 carens,
884 1912 1017 1978 nutricis
1040 1932 1158 1997 egens,
1185 1913 1290 1979 nesoit
1313 1912 1451 1998 (amen)
1476 1933 1552 1978 erae

690 2015 859 2099 imperium
885 2066 1543 2082 ...................

603 2118 749 2183 fortunae
771 2139 810 2184 ao
832 2119 956 2203 patriae
979 2140 1062 2202 quae
1085 2120 1176 2184 nulla
1199 2119 1368 2205 obprobria
1390 2119 1510 2200 sensit,

688 2221 763 2286 ilioo
786 2222 951 2305 inexperto
974 2221 1077 2287 libera
1099 2223 1244 2304 servitio,

603 2325 650 2391 sio
675 2326 776 2390 Latiis
799 2332 921 2391 mutata
942 2325 1054 2406 bouis,
1081 2326 1244 2391 Germana
1266 2334 1411 2391 maneret

522 2448 549 2488 ro
688 2435 723 2493 ut
747 2428 864 2508 facies,
891 2430 1000 2494 ooulos
1023 2431 1171 2513 caerula,
1197 2429 1282 2494 flava
1305 2448 1424 2495 eomas.

603 2532 787 2614 ambiguam
811 2533 905 2597 modo
930 2533 1041 2617 lingua
1065 2533 1162 2615 fauit,
1189 2535 1283 2599 modo
1307 2533 1409 2598 forma
1431 2533 1592 2618 puellam:

689 2635 770 2701 haee
794 2636 906 2701 Rheno
929 2637 1071 2720 genitam
1095 2638 1277 2721 praedicat,
1305 2638 1386 2702 haee
1409 2637 1512 2702 Latio.

930 2893 964 2960 b.
987 2894 1045 2958 DE
1069 2894 1231 2960 EADEM.

606 3067 784 3148 Delicium,
812 3067 1004 3145 blanditiae,
1032 3067 1148 3148 ludus,
1175 3087 1281 3150 amor,
1308 3069 1475 3151 voluptas,

603 3170 759 3252 barbara,
787 3170 844 3236 sed
868 3191 951 3253 quae
976 3172 1085 3236 Latias
1107 3170 1211 3236 vineis
1234 3173 1366 3236 alumna
1389 3190 1509 3255 pupas,

604 3273 749 3355 Bissula,
775 3293 891 3338 nomeu
913 3280 1043 3338 tenerae
1067 3274 1254 3339 rusticulum
1279 3275 1427 3358 puellae,

603 3377 798 3443 horridulum
821 3396 884 3441 non
908 3377 1026 3456 solitis,
1054 3376 1113 3442 sed
1135 3376 1264 3442 domino
1288 3384 1471 3442 venustum.

640 3618 673 3683 6.
696 3617 755 3681 AD
779 3616 994 3682 PICTOREM
1017 3617 1076 3681 DE
1100 3616 1307 3682 BISSVLAE
1329 3616 1525 3681 IMAGINE.

606 3790 735 3855 Bissula
757 3810 818 3855 neo
841 3791 922 3855 oeris
944 3811 1003 3855 neo
1026 3791 1100 3856 fuco
1123 3789 1290 3855 imitabilis
1313 3790 1378 3854 ullo

604 3896 750 3959 naturale
774 3893 874 3958 decus
897 3894 990 3958 fictae
1012 3915 1075 3959 uon
1099 3892 1279 3958 commodat
1300 3893 1371 3956 arti.

357 4172 372 4219 5
391 4172 449 4219 llor.
472 4172 554 4232 Epist.
574 4174 585 4219 l
607 4172 648 4234 19,
671 4173 681 4221 l
697 4189 751 4235 sqq.
772 4174 856 4222 Prisco
874 4174 896 4221 si
915 4172 1004 4233 tradis,
1025 4171 1155 4219 Maecenas
1173 4173 1253 4234 docte,
1276 4173 1386 4232 Cratino,
1407 4173 1481 4220 nulla
1498 4172 1595 4234 placere
1613 4173 1658 4220 dlu
1677 4188 1724 4222 nea
1742 4175 1826 4223 virere
1843 4188 1891 4222 aar·

272 4260 342 4305 mina
360 4264 474 4319 possunt,
494 4272 557 4319 quae
576 4260 720 4307 scribuntur
737 4273 816 4320 aquae
835 4259 965 4319 potoribus
987 4261 1066 4318 (qaam
1084 4256 1197 4305 dativum
1215 4257 1336 4306 commodi
1353 4271 1403 4306 asse
1420 4261 1538 4318 opinatos
1556 4263 1591 4306 est
1610 4258 1748 4324 Ausonios)

356 4339 387 4394 4·
423 4343 438 4393 2
458 4345 549 4393 Lucan.
571 4345 581 4390 l
601 4344 634 4393 20
653 4350 679 4391 at
697 4358 758 4404 gens
777 4347 798 4392 si
816 4359 867 4406 qua
884 4345 948 4392 iacet
967 4343 1080 4391 nascenti
1099 4345 1196 4391 conseia
1215 4344 1271 4391 Nilo

357 4426 468 4481 Oet?-
504 4432 536 4478 cl.
553 4431 726 4479 Anacreontis.
744 4430 775 4479 16
790 4430 902 4480 etl'lll.
1011 4427 1042 4481 6.
1080 4428 1202 4478 llluaer.
1220 4428 1293 4489 lb,8
1399 4429 1543 4480 511>th
1580 4432 1654 4494 Verg.
1671 4431 1892 4495 Aemxlleaq.

357 4689 379 4737 5·
390 4689 460 4736 sedio
476 4690 504 4750 Τ,
525 4689 606 4736 scedio
619 4693 663 4736 sat.
771 4694 815 4736 aut
833 4689 945 4736 erasinus
957 4688 1039 4743 codd,
1061 4694 1140 4748 utque
1157 4688 1276 4736 Cratinus
1290 4687 1319 4734 R.
1336 4689 1495 4749 Deuimesis3
1516 4691 1664 4750 scriptuarum
1681 4690 1802 4739 traditam
1817 4695 1895 4740 tactas

184 4800 186 4804 .
272 4774 307 4823 M.
323 4776 396 4823 Marta
414 4776 491 4824 Anat.
515 4774 549 4822 ud
561 4790 636 4823 curm.
652 4775 714 4823 Mor.
728 4774 783 4823 bist.
799 4774 944 4834 111116,9
1050 4774 1212 4823 tammoneo
1231 4774 1259 4822 M
1363 4774 1541 4839 'lieiunusl'
1644 4771 1717 4841 ilat]
1735 4781 1766 4825 ut
1783 4777 1896 4826 fluam

356 4856 386 4911 4.
422 4862 511 4908 lemma
529 4863 557 4909 ln
578 4861 629 4921 TE,
650 4877 699 4909 om.
719 4864 763 4910 cet.
878 4860 1165 4909 budoanensem.
1196 4861 1245 4908 Vbi
1264 4865 1323 4908 nata
1342 4861 1375 4907 sit
1394 4866 1420 4908 et
1439 4896 1444 4907 .
1463 4896 1491 4909 ..
1512 4860 1595 4921 Laod.
1610 4863 1683 4921 votpo
1798 4862 1896 4911 luan-

268 4947 390 5007 galldu'rT
492 4948 611 5011 prosatba
623 4962 711 4996 renum
728 4947 748 4992 Τ
853 4945 1032 4993 3mauussed
1048 4945 1075 4992 M
1178 4945 1529 5007 buutricisTitreucorr.)
1635 4948 1772 4995 noscitare
1788 4948 1859 5012 (bera
1868 4965 1895 5013 χ,

272 5035 383 5082 nesciuit
400 5035 475 5082 berae
496 5034 525 5092 Ε)
547 5034 678 5095 imperium
693 5049 730 5094 ω,
757 5034 849 5080 lucano
867 5034 894 5078 in
915 5032 950 5078 Τυ
968 5034 1123 5094 sionificoto,
1150 5035 1257 5080 nescirit
1275 5032 1342 5078 berai
1362 5033 1496 5093 imperium
1519 5031 1563 5091 [ly.
1584 5034 1662 5093 volpe,
1693 5035 1803 5081 naseivit
1821 5034 1897 5083 barile

271 5121 404 5182 imparium
423 5120 500 5180 Soet,
527 5120 608 5168 nescit
632 5127 716 5167 tamen
742 5133 798 5167 erae
822 5120 954 5180 imperium
979 5121 1062 5179 scripsi
1201 5120 1215 5167 'l
1235 5120 1335 5167 obrobia
1353 5122 1381 5166 tu
1404 5117 1424 5162 Τ
1446 5119 1483 5178 (tu
1501 5117 1549 5167 del.
1570 5117 1615 5179 ιη’)
1758 5117 1774 5168 8
1794 5120 1860 5168 illtoo
1876 5134 1897 5167 aa

271 5206 302 5254 12
321 5184 396 5256 rheno
418 5207 438 5252 Τ

358 5288 388 5342 ὅ.
423 5294 460 5340 De
479 5294 565 5341 eadem
585 5294 681 5341 bissula
699 5293 805 5340 laudans
824 5307 878 5339 eam
901 5293 920 5338 Τ
941 5295 977 5352 (in
994 5306 1043 5351 ηις.
1064 5291 1151 5350 minio)
1173 5292 1206 5352 E,
1235 5291 1272 5338 De
1290 5291 1375 5338 eudem
1395 5291 1491 5338 bissula
1509 5307 1532 5349 v,
1558 5290 1596 5337 De
1616 5291 1711 5337 bissula
1728 5304 1780 5350 mss,
1800 5292 1897 5339 sewu·

270 5379 361 5427 lemma
380 5377 407 5424 M
514 5377 524 5426 l
546 5379 635 5427 blanda
657 5379 677 5424 Τ
781 5392 848 5425 amor
873 5385 947 5439 atque
970 5378 1085 5438 uoluptas
1108 5377 1127 5422 Τ
1231 5376 1310 5424 laed
1328 5391 1376 5425 om.
1399 5378 1420 5424 Τ
1524 5374 1660 5424 alunuaT
1762 5381 1820 5438 post
1838 5375 1898 5426 a!

270 5465 348 5512 minio
366 5462 397 5510 de
416 5463 501 5512 eadam
523 5464 544 5509 Τ
668 5463 683 5512 3
702 5459 773 5514 ter‘re
794 5463 815 5509 Τ
835 5463 871 5524 (ln
888 5479 938 5523 mp.
959 5458 1028 5525 uie),
1055 5468 1122 5510 terra
1140 5462 1211 5524 Mlm,
1239 5467 1394 5522 terrascea,
1414 5469 1516 5511 tenerae
1538 5457 1610 5512 l'ao.⁴
1737 5462 1856 5513 stulttia
1872 5459 1902 5513 Ι

272 5549 438 5611 Onam

356 5629 386 5687 0·
416 5635 576 5685 Dablssulae
590 5635 797 5699 (bissulaetma)
811 5635 963 5695 lmaglnsad
977 5637 1128 5699 pictore-1
1217 5631 1353 5694 lneoerls
1367 5632 1394 5680 M
1471 5634 1638 5684 mnesilai·
1725 5632 1903 5689 iffi!
