4358 6234
897 323 1110 380 EPISTVLAE
1132 322 1190 381 (Vl.
1211 320 1289 384 Vll).

613 522 646 582 et
668 521 746 600 quot
768 521 843 580 suut
865 534 974 596 asses,
1002 513 1057 579 ubi
1077 511 1255 595 nonaginta
1277 509 1426 591 trientes,

613 620 664 685 vel
688 626 765 702 quot
786 617 885 684 babet
905 617 1032 682 iunctos
1056 615 1209 682 Vasatica
1230 612 1333 678 raeda
1354 611 1510 677 caballos.

743 720 836 799 Quod
859 721 888 786 si
910 720 1032 803 figuras
1055 717 1176 784 fabulis
1198 716 1408 782 adumbratas

742 842 971 905 numerumque
995 821 1098 887 doctis
1120 821 1298 886 involutum
1321 817 1514 900 ambagibus

742 927 869 1010 ignorat
891 927 957 991 alto
980 944 1071 990 mcns
1094 924 1193 989 obesa
1215 923 1358 1003 viscere,

741 1050 909 1096 numerare
932 1029 1039 1093 saltim
1062 1048 1149 1093 more
1173 1027 1262 1109 vulgi
1285 1033 1319 1091 ut
1345 1023 1488 1110 noveris,

739 1134 772 1199 in
796 1153 832 1199 sc
854 1139 989 1198 retortas
1013 1131 1181 1215 explicabo
1204 1130 1394 1195 summulas.

697 1239 762 1303 Ter
784 1237 886 1302 denas
909 1244 987 1321 puto
1009 1235 1220 1317 quinquiesve
1243 1251 1339 1298 senas

698 1341 751 1406 vel
773 1340 824 1405 bis
847 1339 1005 1422 quinque,
1036 1337 1152 1403 debinc
1176 1337 1288 1402 decem
1312 1334 1505 1416 decemque,

698 1444 750 1509 vel
774 1462 870 1508 senas
893 1449 1006 1524 quater
1028 1448 1061 1506 ct
1083 1439 1134 1504 bis
1156 1439 1240 1505 adde
1267 1446 1386 1504 ternas.

697 1546 838 1630 septenis
862 1551 975 1629 quater
996 1543 1082 1608 adde
1107 1541 1202 1628 (iam)
1227 1561 1323 1605 unam
1347 1548 1379 1606 ct
1402 1561 1497 1605 unam

697 1657 753 1715 aut
774 1655 823 1714 ter
845 1654 994 1731 quattuor
1015 1646 1100 1711 addc
1124 1646 1173 1711 bis
1196 1645 1342 1711 novenis.

697 1752 759 1818 duc
781 1752 875 1818 binas
898 1751 1007 1818 decies
1035 1751 1198 1832 semelque
1222 1748 1340 1814 denas:

696 1863 827 1921 octonas
849 1860 979 1939 quater,
1011 1854 1085 1918 hinc
1107 1853 1190 1918 duae
1214 1851 1382 1917 recedant:

695 1959 790 2024 binas
813 1957 1009 2035 terdecies,
1036 1956 1136 2022 semel
1160 1963 1351 2037 quaternas:

695 2069 727 2128 et
749 2082 807 2127 sex
830 2061 915 2127 adde
938 2080 1052 2126 novem
1075 2059 1128 2124 vel
1151 2066 1221 2124 octo
1244 2065 1383 2142 septem,

695 2172 751 2230 aut
775 2173 897 2250 septem
921 2165 1059 2247 geminis
1081 2163 1132 2228 bis
1154 2170 1224 2228 octo
1247 2163 1361 2244 iunge,

694 2277 768 2352 aut,
794 2269 917 2334 nasim
941 2268 998 2334 tibi
1020 2267 1166 2353 pluribus
1189 2267 1360 2345 molestus,

695 2373 827 2456 triginta
848 2392 980 2437 numero
1002 2370 1092 2436 fuere
1115 2375 1261 2435 cunctae.

608 2478 739 2543 Iunctus
762 2475 913 2540 limicolis
935 2474 1099 2538 musculus
1123 2473 1238 2537 ostreis

607 2581 709 2665 primo
732 2578 900 2664 conposuit
921 2577 1045 2642 fercula
1067 2576 1218 2661 prandio,

607 2690 719 2766 gratus
742 2682 868 2747 deliciis
890 2680 1045 2745 nobilium
1069 2680 1159 2745 cibus

607 2796 639 2853 et
662 2786 781 2871 sumpti
804 2784 949 2850 modicus
971 2784 1170 2868 pauperibus
1194 2783 1284 2848 iocis.

607 2911 669 2956 nou
692 2890 744 2954 bio
766 2889 934 2971 navifrago
957 2887 1122 2971 quaeritur
1143 2906 1301 2970 aequore,

608 3000 643 3058 ut
664 2999 788 3058 crescat
808 2992 945 3075 pretium
968 2990 1092 3074 grande
1115 2990 1286 3075 periculis,

607 3102 656 3161 set
678 3095 816 3180 primore
839 3092 923 3158 vado
946 3099 1018 3177 post
1040 3092 1188 3174 refugum
1209 3112 1300 3156 mare

606 3200 718 3282 algoso
741 3199 859 3281 legitur
881 3198 973 3263 litore
997 3197 1153 3261 concolor.

606 3323 679 3367 nam
702 3308 806 3367 testae
830 3300 969 3384 duplicis
993 3299 1139 3365 conditur
1161 3300 1195 3363 in
1222 3319 1335 3383 specu,

606 3425 689 3488 quac
711 3405 865 3470 ferventis
888 3423 992 3486 aquae
1016 3404 1083 3468 fota
1106 3403 1278 3489 vaporibus

606 3527 733 3573 carnem
756 3508 884 3573 lacteoli
907 3507 1041 3572 visceris
1064 3507 1196 3572 indicat.

692 3612 749 3676 Set
771 3611 927 3676 damnosa
949 3610 1044 3675 nimis
1068 3610 1221 3694 panditur
1242 3630 1329 3676 area.

606 3715 658 3780 fac
680 3735 828 3798 campum
853 3714 1004 3798 replices,
1031 3714 1142 3795 Musa,
1168 3714 1350 3798 papyrium.

606 3838 665 3883 nec
688 3817 751 3881 iam
776 3817 939 3901 fissipedis
963 3836 1020 3901 per
1043 3817 1158 3881 calami
1182 3817 1253 3881 vias

522 3967 527 3980 .
605 3928 771 4003 grassetur
793 3920 934 3985 Gnidiae
957 3922 1065 3985 sulcus
1090 3919 1294 3999 harundinis,

605 4025 744 4109 pingens
766 4024 912 4089 aridulae
936 4023 1066 4088 subdita
1087 4023 1228 4108 paginae

607 4128 720 4193 Cadmi
743 4127 852 4192 filiolis
875 4127 1108 4191 atricoloribus.

606 4237 662 4296 aut
684 4231 806 4296 cunctis
829 4231 948 4314 pariter
972 4230 1118 4295 versibus
1143 4230 1266 4295 oblinat

606 4334 730 4399 furvam
755 4334 915 4398 lacticolor
939 4333 1099 4416 sphongia
1121 4333 1255 4417 sepiam.

606 4457 776 4522 parcamus
799 4437 876 4501 vitio
900 4436 1113 4501 Dumnitonae
1136 4435 1268 4516 domus,

604 4561 645 4606 nc
668 4541 710 4605 sit
732 4540 843 4604 charta
866 4539 945 4604 mibi
968 4539 1070 4603 carior
1093 4538 1219 4603 ostreis.

359 4938 389 4987 18
407 4939 465 4987 reda
490 4939 511 4985 V
615 4938 645 4988 19
663 4942 690 4987 tn
708 4955 757 4998 my.
778 4938 815 4987 m2
833 4945 942 4987 metrum
961 4940 1094 4986 iambicum
1117 4939 1142 4996 V,
1166 4938 1302 4986 choriambo
1321 4937 1350 4984 dc
1368 4936 1494 4986 industrio
1511 4953 1571 4986 arar
1589 4953 1640 4987 erre
1656 4939 1755 4987 videtur
1774 4942 1900 4990 Ausonius

272 5024 392 5073 ineman
409 5029 574 5086 temptatum
690 5026 719 5075 21
741 5026 796 5073 albo
815 5027 932 5073 Heinsius
1054 5024 1086 5072 24
1106 5027 1133 5072 in
1149 5040 1199 5084 my.
1220 5022 1258 5070 m²
1276 5030 1382 5071 metrum
1402 5025 1511 5072 salcbum
1535 5026 1554 5071 V
1674 5027 1860 5089 quinqulesquc
1883 5029 1903 5075 V

269 5125 332 5158 «m.
359 5112 413 5158 von
528 5112 561 5160 25
580 5088 670 5158 dehinc
693 5113 713 5156 v
730 5112 755 5174 (n
774 5110 819 5171 ma)
938 5111 970 5159 ar
990 5112 1052 5158 acuo
1079 5111 1105 5171 v,
1125 5111 1211 5159 aurito
1229 5111 1346 5158 nerana
1364 5112 1445 5171 υοιρο,
1465 5111 1526 5158 acne
1546 5112 1593 5158 nm
1612 5125 1655 5172 eqo
1776 5128 1854 5162 unum
1874 5121 1901 5162 er

270 5210 350 5245 unum
374 5197 401 5259 V,
422 5213 497 5245 unam
516 5205 542 5246 at
561 5213 636 5247 unam
657 5198 712 5246 Tou
816 5215 856 5248 vo.
878 5198 910 5246 28
929 5202 952 5244 et
971 5198 1017 5259 29,
1039 5200 1081 5258 qur·
1099 5201 1196 5245 inverso
1213 5198 1299 5244 ordine
1317 5198 1432 5256 teporatur
1450 5199 1476 5243 r'n
1499 5197 1525 5256 V,
1545 5201 1684 5258 tronspcrur'
1789 5197 1821 5246 29
1840 5201 1900 5247 ulna

273 5280 388 5343 Vlbm²l
404 5297 465 5332 corr.
481 5283 561 5344 eryd.
670 5284 703 5331 30
721 5285 816 5332 octonis
841 5285 956 5344 Voolyc,
978 5289 1077 5331 octonas
1100 5283 1152 5330 Tull
1257 5280 1289 5328 32
1308 5298 1322 5328 a
1341 5287 1365 5329 tc
1382 5283 1407 5345 V,
1429 5283 1492 5330 addc
1512 5282 1589 5343 [apd.
1699 5284 1731 5331 33
1750 5286 1790 5332 uls
1813 5286 1839 5344 V,
1861 5286 1899 5333 bis

270 5367 354 5430 Laod.
494 5375 548 5429 pcct
573 5370 606 5418 35
630 5376 652 5418 ct
678 5369 711 5418 46
735 5373 761 5418 tn
789 5372 808 5417 V
830 5373 907 5419 antus
925 5384 1007 5417 vacas
1025 5374 1061 5416 est
1079 5373 1188 5429 spatium
1326 5367 1358 5416 36
1377 5371 1405 5416 tn
1423 5383 1473 5428 rna.
1492 5365 1529 5416 m²
1547 5376 1651 5418 metrum
1670 5371 1856 5432 asclepiadeum
1877 5373 1898 5418 V

270 5431 502 5516 41u2‘emcatv
603 5456 637 5504 45
655 5459 698 5517 qui
715 5457 743 5518 V,
762 5470 828 5519 quae
848 5455 927 5515 laod.
1035 5453 1069 5504 48
1087 5456 1179 5517 raplice
1202 5456 1292 5502 Vcorr.
1308 5454 1429 5514 Goropior
1533 5456 1648 5516 papirum
1671 5456 1838 5519 vqpnplrrum
1852 5454 1896 5518 mi)

270 5538 304 5588 50
321 5541 455 5619 arundinis
477 5541 498 5587 V
622 5542 654 5590 53
673 5532 768 5592 cunctis
790 5543 811 5588 V
830 5544 854 5601 (n
874 5539 918 5599 m²l
1048 5541 1080 5589 54
1100 5542 1194 5589 sulcam
1218 5542 1239 5589 V
1257 5544 1283 5601 (u
1301 5554 1330 5587 a
1348 5541 1364 5587 b
1382 5537 1439 5601 ml),
1459 5541 1557 5589 furvum
1579 5540 1633 5591 Vra.
1760 5543 1858 5604 sqplam
1881 5543 1901 5590 V

270 5624 304 5674 55
321 5625 469 5690 ᾱῆωυοιὶηᾳ
492 5627 513 5674 V
613 5627 646 5676 56
664 5634 731 5676 carta
753 5628 774 5674 V
