4358 6234
530 346 669 402 CVPIDO
688 345 906 401 cavolai'vs
929 345 1071 407 (XXIIII).
1109 342 1267 399 BISSVLA
1287 343 1398 409 (XXV).

754 684 892 783 XXV.
926 682 1174 784 BISSVLA.

639 916 670 982 l.
694 917 905 982 AVSONIVS
929 916 1067 982 PAVLO
1091 916 1172 982 SVO
1195 917 1229 983 S.
1256 916 1296 980 D.

237 1090 403 1156 Pervincis
431 1097 538 1156 tamen
569 1098 601 1156 et
628 1096 739 1174 operta
769 1108 930 1153 musarum
954 1109 1111 1171 mearum,
1145 1110 1229 1172 quae
1251 1088 1411 1155 initiorum
1436 1089 1565 1153 velabat
1587 1089 1774 1169 obscuritas,
1797 1075 1888 1204 {ssgyn
1910 1145 1966 1206 VH)

151 1214 346 1277 quamquam
369 1215 432 1258 non
455 1192 623 1278 profanus,
649 1193 812 1276 irrumpis,
840 1192 949 1256 Paule
964 1192 1140 1257 carissime.
1187 1193 1334 1276 quamvis
1357 1192 1442 1256 enim
1465 1197 1496 1256 te
1516 1212 1579 1257 non
1600 1191 1671 1256 eius
1690 1191 1781 1274 vulgi
1800 1214 1838 1278 (o)
1891 1180 1897 1194 '

150 1296 341 1377 existimem,
368 1296 454 1380 quod
476 1296 626 1361 Horatius
649 1303 736 1360 arcet
758 1296 923 1378 ingressu,
951 1301 1057 1360 tamen
1081 1315 1140 1360 sua
1162 1296 1276 1378 cuique
1300 1315 1408 1375 sacra,
1435 1315 1539 1377 nequo
1561 1294 1646 1360 idem
1671 1295 1779 1361 Cereri

149 1400 234 1483 qnod
252 1399 376 1481 Libero,
404 1399 500 1464 etiarn
523 1399 582 1463 sub
606 1397 720 1463 iisdem
744 1398 931 1463 cultoribus.
973 1397 1146 1483 poematia,
1173 1398 1305 1481 quaein
1322 1399 1486 1463 alumnam
1503 1418 1607 1463 meam
1624 1398 1774 1476 luseram,

120 1527 132 1561 u
151 1501 244 1568 rudia
259 1509 291 1567 et
306 1502 457 1567 incohata
471 1502 514 1566 ad
530 1501 725 1568 domesticae
741 1501 894 1566 solacium
911 1503 1101 1583 cantilenae,
1121 1522 1193 1567 curn
1209 1503 1278 1568 sine
1295 1509 1381 1568 metu
1401 1504 1454 1584 let]
1473 1522 1592 1567 arcana
1608 1501 1780 1567 securitate

151 1605 347 1686 fruerentur,
381 1605 516 1691 proferri
546 1605 588 1670 ad
618 1607 721 1670 lucem
752 1605 928 1689 caligantia
955 1607 1100 1689 coegisti.
1147 1606 1360 1671 verecundiae
1384 1626 1475 1670 meae
1499 1605 1621 1670 scilicet
1643 1604 1779 1688 spolium

151 1708 345 1793 concupisti,
378 1716 450 1789 aut,
484 1714 636 1791 quantum
660 1709 720 1773 tibi
741 1709 774 1773 in
797 1729 848 1773 me
872 1709 950 1774 iuris
973 1716 1076 1791 esset,
1110 1711 1149 1773 ab
1172 1710 1274 1773 invito
1298 1709 1450 1774 indicari:
1483 1729 1523 1773 ne
1546 1717 1580 1774 tu
1604 1706 1780 1773 Alexandri

150 1811 335 1878 Macedonis
364 1812 578 1896 pervicaciam
610 1831 855 1896 supergressus,
889 1812 961 1895 qui,
993 1812 1104 1877 fatalis
1132 1813 1200 1895 iugi
1229 1814 1298 1877 lora
1330 1833 1400 1877 curu
1424 1813 1549 1877 solvere
1571 1831 1634 1875 non
1657 1817 1775 1895 posset,

150 1915 290 1981 abscidit
312 1923 345 1981 et
366 1916 503 2001 Pythiae
527 1935 676 1999 specum,
710 1935 772 1997 quo
795 1916 848 1981 die
871 1914 922 1980 ias
945 1936 1008 1980 uon
1031 1924 1099 1981 erat
1120 1924 1250 2000 patore,
1278 1915 1467 2000 penetravit.
1517 1922 1605 1979 utere
1627 1913 1725 1996 igitur
1747 1920 1782 1978 ut

105 2042 131 2082 uo
151 2019 232 2101 luis,
266 2019 335 2104 pari
367 2018 452 2099 iure,
487 2019 545 2084 sed
574 2017 694 2084 fiducia
723 2019 859 2103 dispari:
893 2019 1012 2105 quippe
1039 2028 1094 2084 tua
1116 2026 1250 2104 possunt
1272 2019 1427 2104 populum
1450 2040 1513 2085 non
1535 2017 1665 2097 timere,
1699 2016 1780 2081 meis

152 2123 249 2188 etiarn
272 2123 356 2188 intra
377 2144 428 2188 me
452 2123 617 2189 erubesco.
665 2124 749 2188 vale.

809 2405 841 2480 2'.
865 2416 1119 2482 PRAEFATIO.
1163 2460 1166 2464 >

486 2589 527 2653 Vt
548 2588 693 2670 voluisti,
722 2589 837 2669 Paule,
865 2595 995 2654 cunctos
1019 2588 1166 2653 Bissulae
1189 2607 1301 2653 versus
1324 2587 1439 2668 hahes,

486 2692 620 2757 lusimus
643 2711 723 2775 quos
745 2692 780 2757 iu
804 2692 931 2757 Suebae
954 2692 1090 2775 gratiam
1115 2691 1344 2775 virgunculae,

486 2795 584 2860 otium
609 2794 714 2878 magis
737 2795 885 2862 foventes
908 2817 1003 2880 quam
1028 2795 1193 2860 studentes
1216 2796 1352 2878 gloriae.

486 2907 519 2964 tu
544 2900 699 2965 molestus
722 2899 885 2983 flagitator
907 2901 980 2983 lege
1003 2901 1137 2965 molesta
1160 2899 1313 2965 carmina.

485 3003 559 3084 tibi,
587 3003 672 3085 quod
695 3003 829 3080 intristi,
856 3002 1058 3068 exedendum
1079 3009 1145 3067 esi:
1173 3003 1219 3067 sio
1242 3010 1334 3068 vetus
1356 3003 1488 3067 verbnm
1511 3003 1618 3079 iubet,

486 3107 676 3191 compedes,
705 3125 785 3188 quas
807 3106 878 3190 ipse
901 3105 992 3185 iecit,
1020 3106 1110 3188 ipsus
1134 3112 1169 3171 ut
1193 3113 1299 3188 gestet
1320 3105 1421 3171 saber.

599 3381 632 3446 3.
657 3382 715 3445 All
741 3381 968 3446 LECTOREM
994 3380 1122 3444 HVIVS
1148 3380 1327 3445 LIBELLI.

486 3555 644 3622 Carminis
667 3554 820 3638 incompti
844 3563 971 3619 tenuem
995 3553 1116 3619 lecture
1139 3554 1286 3619 libellum

572 3677 656 3742 poue
681 3657 899 3743 supercilium.

486 3762 573 3827 seria
595 3761 765 3826 contractis
789 3761 936 3844 expende
959 3767 1108 3844 poemata
1130 3760 1239 3842 rugis:

572 3882 630 3928 nos
652 3863 833 3949 Thymelen
856 3863 1027 3947 sequimur.

238 4212 320 4261 XXV.
343 4208 372 4262 1.
409 4212 423 4258 3
443 4211 502 4258 Hor.
523 4211 604 4260 Garun.
626 4212 663 4259 lli
684 4211 706 4272 i,
731 4211 740 4259 l
762 4212 809 4259 Odi
829 4213 958 4272 profanum
981 4213 1072 4271 vulgus
1091 4218 1117 4258 et
1136 4225 1205 4259 arceo

237 4294 268 4349 2.
304 4298 320 4346 5
340 4299 396 4346 Ter.
419 4298 518 4345 Pborm.
540 4296 608 4358 112,
631 4297 646 4345 l
668 4297 735 4358 (318)
757 4304 813 4345 tute
831 4298 876 4345 boc
893 4299 1004 4345 intristi:
1026 4299 1073 4344 tibi
1093 4311 1165 4346 omne
1184 4304 1223 4345 eal
1240 4297 1400 4345 exedendum

240 4381 270 4436 8·
310 4385 317 4433 i
340 4385 421 4445 Prisp.
440 4383 461 4445 i,
481 4383 540 4444 lsq.
563 4382 686 4431 Carminis
706 4385 825 4445 incompti
845 4384 916 4431 lusus
928 4382 1024 4430 lecture
1037 4396 1172 4443 procaces.
1191 4420 1196 4431 .
1213 4420 1219 4432 .
1234 4397 1299 4444 ponc
1312 4383 1476 4444 supercilium
1491 4382 1531 4439 (cl.
1549 4382 1622 4431 Mart.
1639 4381 1685 4440 ll,
1705 4382 1775 4444 leq.)

150 4470 165 4519 ·i
186 4471 259 4519 liert.
279 4473 290 4519 l
310 4471 337 4533 l,
359 4470 424 4531 bsq.
446 4483 496 4531 qua
514 4468 652 4528 Thymelen
671 4476 769 4531 spectus
789 4469 975 4530 derisoremque
995 4470 1121 4530 Latinum,
1144 4470 1188 4516 ille
1207 4465 1291 4517 lrohlc
1310 4482 1394 4531 precor
1413 4470 1522 4515 carmine
1541 4473 1625 4516 nostre
1643 4468 1711 4527 legas

237 4798 318 4847 XXV.
340 4793 369 4848 1.
406 4800 500 4859 Incipit
519 4799 627 4846 Bissula.
666 4798 794 4845 Ausonius
812 4796 890 4844 Panlo
908 4809 953 4843 suo
972 4795 1009 4844 sal
1028 4795 1089 4843 dicii
1111 4794 1162 4855 Ta,
1192 4795 1268 4843 Paulo
1285 4810 1331 4843 suo
1349 4811 1369 4842 s.
1389 4811 1413 4858 p.
1435 4796 1459 4843 d.
1480 4811 1548 4856 rano,
1571 4797 1673 4844 nullum
1690 4797 1780 4843 ummo

152 4884 180 4932 M
269 4881 396 4950 lumen]
415 4884 516 4933 tandem
535 4886 668 4932 decaniae
686 4885 758 4943 volpe
863 4881 958 4930 mesT
1062 4880 1280 4943 iprophsnnsT
1385 4882 1538 4943 erumpisT
1642 4878 1781 4947 carlssime]

148 4965 263 5020 klmeM
348 4967 460 5030 iniunlgi
484 4970 504 5017 T
524 4971 569 5030 (inl
588 4969 636 5017 del.
657 4968 700 5029 νηΐ)
795 4968 952 5016 dextimem
968 4966 995 5012 M
1086 4966 1221 5015 oratiucM
1318 4967 1410 5015 srceT
1502 4966 1746 5016 sacrarumldemM

150 5053 246 5123 umus]
263 5070 310 5105 nec
329 5056 352 5103 E
367 5058 439 5117 colpe
543 5055 684 5104 iblisdem
704 5054 732 5101 M
835 5053 998 5101 5lucobccta
1018 5053 1038 5099 Τ
1059 5054 1166 5114 (lircoata
1183 5067 1243 5101 corr.
1265 5053 1321 5113 rui),
1342 5053 1440 5101 incocta
1459 5052 1486 5098 M
1590 5054 1749 5101 solatiumT

150 5147 357 5192 metnelercrna
371 5158 401 5205 ω,
423 5142 510 5191 etdci.
525 5141 592 5190 scal.
681 5140 825 5202 bprolerre
841 5140 885 5186 TE
896 5140 976 5199 volpe,
998 5141 1101 5200 proferri
1115 5143 1160 5190 cel.
1245 5140 1341 5186 scillcet
1354 5138 1506 5199 (compendio
1519 5154 1539 5187 s.
1555 5140 1680 5201 salpiam)
1694 5153 1743 5189 orn.
1761 5140 1782 5186 T

151 5228 255 5277 lmuto
274 5228 421 5276 iudicariT
533 5226 719 5276 Smacedonicl
740 5226 767 5272 M
870 5225 985 5286 ilpythii
1006 5225 1027 5270 T
1050 5226 1067 5284 ll
1086 5227 1130 5273 cll.
1151 5239 1179 5272 ec
1198 5226 1221 5284 e)
1329 5224 1395 5286 qnod
1414 5225 1454 5273 dle
1474 5224 1501 5270 Μ
1605 5226 1642 5272 les
1661 5238 1708 5273 nou
1728 5233 1781 5273 erat

153 5316 210 5369 ierit
230 5312 266 5373 M)
290 5330 320 5373 ω,
343 5314 381 5361 las
399 5319 452 5361 erat
472 5313 499 5372 E,
520 5314 591 5361 nelos
610 5319 663 5360 eret
687 5309 760 5362 Vsa!
776 5314 848 5372 riolpo
956 5309 983 5358 ii
1006 5313 1081 5358 elium
1100 5325 1148 5359 om.
1170 5310 1198 5357 M
1301 5311 1358 5359 urle
1376 5309 1436 5358 cdd.
1457 5326 1489 5369 ω,
1509 5325 1557 5359 om.
1581 5311 1691 5370 Recipe

237 5396 268 5451 8.
304 5400 445 5447 Prelecium
459 5397 494 5461 M,
516 5400 656 5447 PrelacIum
673 5400 791 5461 (Preietio
805 5397 856 5458 mu)
878 5397 910 5444 de
926 5397 1041 5445 uersibus
1054 5396 1230 5460 Bisanleqnos
1244 5396 1393 5445 ndi'sulum
1406 5396 1563 5462 micerntT1
1668 5396 1781 5447 iluebe

151 5487 186 5547 M,
208 5486 363 5551 sneuceT1
467 5484 614 5533 imolesth
633 5484 662 5531 M

238 5567 269 5623 ⁸.
304 5572 344 5620 lid
361 5573 480 5619 lectorem
500 5572 576 5620 holus
593 5571 674 5619 libelli
696 5572 783 5633 (huius
802 5571 880 5619 libelli
898 5570 988 5634 om.1)
1006 5568 1075 5634 rga,
1095 5568 1197 5617 culhem
1214 5566 1346 5618 aemil
1451 5568 1573 5618 iiucnltl
1588 5566 1640 5619 mr
1741 5574 1782 5619 te-

148 5662 230 5721 num
249 5656 279 5706 M
298 5659 367 5722 (eon.
388 5653 436 5719 mi)
542 5656 690 5725 ipsemete
708 5656 739 5706 M
839 5655 1011 5715 sensnum
1028 5654 1066 5721 Μ,
1085 5654 1247 5717 nudetur
