4358 6234
600 343 793 399 APPENDIX
814 344 876 410 (ΙΙΙ.
898 341 1042 398 SEPTEM
1061 342 1278 400 shrluunvrd
1297 341 1557 408 seruientium.

601 534 767 620 pulchrius
789 535 889 600 multo
912 533 1018 618 parari
1040 554 1135 618 quam
1158 534 1259 599 creari
1280 533 1432 600 nobilem.

600 643 688 703 certe
710 638 738 703 si
760 637 891 704 decreto
912 656 981 703 sors
1004 645 1070 719 est,
1097 637 1175 720 quid
1197 656 1312 703 cavere
1334 637 1491 723 proderit:

602 741 671 806 sive
693 748 769 807 snut
788 741 912 806 incerte
934 749 1066 822 cuncta,
1093 740 1171 824 quid
1192 740 1304 807 timere
1327 741 1496 807 convenit?

796 1189 956 1256 CHILON
984 1188 1356 1256 LACEDAEMONIVS.

602 1362 685 1427 Nolo
707 1361 810 1426 minor
832 1382 883 1426 me
904 1362 1017 1428 timeat
1039 1361 1258 1445 despiciuntque
1281 1361 1393 1426 muior.

602 1465 675 1531 vive
698 1485 819 1531 memor
841 1465 967 1545 mortis,
994 1465 1071 1531 item
1093 1464 1166 1530 vive
1188 1485 1309 1541 memor
1330 1465 1462 1547 salutis,

605 1567 709 1633 tristia
731 1575 845 1634 cuncte
867 1576 1122 1654 exsuperasset
1144 1568 1251 1634 animo
1273 1576 1329 1634 ant
1351 1568 1465 1635 amico.

600 1677 634 1736 tn
656 1672 739 1738 bene
762 1671 791 1737 si
813 1672 890 1754 quid
912 1672 1032 1753 facias,
1058 1692 1118 1738 nec
1140 1672 1324 1739 meminisse
1347 1671 1399 1737 ius
1421 1679 1481 1739 est.

602 1795 684 1858 quae
706 1775 877 1841 benefacta
899 1775 1056 1860 accipias,
1083 1783 1238 1860 perpetuo
1261 1783 1430 1842 memento.

601 1885 694 1961 grate
717 1885 865 1944 senectus
887 1878 1021 1961 homini,
1048 1899 1131 1962 qnae
1154 1879 1267 1963 parilis
1289 1878 1457 1946 inventae:

601 1982 659 2046 ille
681 1982 811 2048 invento
834 1991 884 2048 est
905 1982 1049 2066 gravior,
1075 2002 1158 2064 quoe
1181 1983 1297 2047 similis
1321 1991 1481 2050 senectae.

843 2429 1113 2497 ANAOHARSIS
1136 2431 1316 2498 SOYTHA.

603 2605 713 2690 Turpe
735 2603 813 2686 qnid
835 2622 972 2669 ausurus
993 2611 1025 2670 te
1048 2603 1119 2670 sine
1140 2610 1222 2670 teste
1244 2603 1330 2671 time.

603 2708 672 2774 vito
694 2707 792 2793 perit,
819 2707 923 2772 meriti
945 2707 1050 2791 gloria
1071 2727 1134 2773 non
1156 2708 1300 2773 moritur.

604 2811 691 2896 quod
713 2811 854 2877 iactums
879 2811 959 2894 eris,
986 2810 1091 2877 dicere
1115 2810 1290 2877 distuleris.

605 2934 680 2980 crux
704 2921 770 2995 est,
797 2914 824 2978 si
847 2920 1001 2997 metuuss
1015 2914 1141 2980 vincere
1164 2913 1246 2998 quod
1271 2934 1425 2998 nequeas.

358 3259 389 3309 34
408 3261 445 3308 De
459 3275 519 3312 mor.
536 3259 599 3310 114⁸
617 3261 643 3310 sl
655 3263 735 3310 iatum
748 3267 795 3320 est,
810 3261 873 3323 qnid
885 3261 959 3309 times
971 3261 1038 3323 qnod
1050 3266 1145 3310 certum
1157 3267 1206 3309 est.
1244 3261 1316 3310 Publ.
1333 3259 1387 3320 Syr.
1405 3260 1453 3310 100
1467 3261 1578 3310 Stultum
1591 3269 1630 3312 est
1640 3263 1730 3310 timere
1742 3263 1807 3325 quod
1820 3263 1894 3311 vitari

272 3359 320 3395 nou
341 3353 430 3409 potest.
470 3346 530 3396 Seu.
546 3348 577 3395 de
589 3361 651 3397 rem.
666 3351 722 3397 l'ort.
737 3348 762 3408 θ,
778 3348 792 3396 3
813 3347 924 3396 Stultum
942 3352 981 3395 est
999 3348 1088 3395 timere
1106 3347 1173 3408 quod
1192 3348 1271 3396 vitare
1290 3360 1339 3395 non
1358 3348 1440 3410 possis
1526 3348 1559 3396 36
1578 3348 1616 3396 Ι)ο
1628 3362 1688 3399 mor.
1704 3347 1751 3397 ’48ι
1768 3349 1811 3398 Sic
1828 3351 1893 3410 slve,

272 3438 301 3480 nt
314 3447 359 3480 nec
372 3448 386 3480 a
400 3435 571 3494 superioribus
584 3435 751 3483 contemnaris
763 3447 809 3481 nec
821 3434 852 3480 ab
865 3434 1025 3482 interioribus
1038 3434 1150 3481 timentis
1260 3431 1293 3481 39
1302 3447 1340 3494 sq.
1354 3433 1406 3483 Glc.
1421 3433 1489 3484 Laol.
1504 3431 1546 3493 20,
1561 3432 1590 3481 'li
1611 3447 1675 3496 quae
1691 3433 1827 3495 (beneficis)
1843 3446 1897 3483 me·

272 3519 375 3567 minisse
394 3518 469 3568 debet
486 3521 517 3581 is,
538 3520 564 3567 ln
580 3534 655 3582 quem
667 3521 755 3569 collata
766 3526 836 3583 sunt,
857 3534 907 3568 non
920 3532 1109 3568 commemorem
1122 3521 1166 3580 qni
1178 3520 1294 3568 contulit.
1333 3519 1391 3569 Seu.
1406 3520 1437 3568 do
1449 3520 1508 3569 beu.
1523 3520 1548 3567 11
1563 3517 1634 3579 im
1652 3521 1697 3582 qni
1714 3520 1785 3568 dedit
1801 3521 1896 3568 benen-

271 3605 339 3653 olnm
357 3611 447 3654 uocat.
485 3605 557 3656 Publ.
573 3605 627 3665 Syr.
643 3605 675 3656 58
694 3607 849 3655 Βοιιοθοῖιιιιι
867 3608 913 3668 qni
930 3606 1030 3655 dedisse
1048 3620 1076 3654 se
1093 3607 1162 3667 dicit,
1184 3606 1256 3667 petil.
1295 3607 1369 3655 Dem.
1383 3606 1414 3654 de
1427 3604 1541 3656 eor-269
1560 3601 1610 3674 ἐγὼ
1626 3602 1724 3672 νομίζοι
1741 3603 1784 3658 τὸν
1802 3603 1849 3674 μὲν
1866 3601 1895 3656 εὖ

271 3687 387 3741 πσθδνεσ
405 3687 458 3740 δεῖν
477 3687 622 3759 μεμνῆσθαι
640 3690 721 3743 πάντα
738 3691 782 3741 τὸν
800 3689 907 3763 χρόνον,
926 3691 970 3742 τὸν
989 3689 1017 3743 ii
1035 3689 1177 3760 ποιήσαντο
1196 3688 1271 3748 εὐθὺς
1290 3687 1464 3760 ἐπιλελῆσθαι,
1485 3689 1508 3744 si
1527 3689 1566 3743 δεῖ
1582 3691 1626 3743 τδν
1645 3690 1692 3762 μὲν
1710 3694 1832 3765 χρηστοῦ,
1852 3691 1896 3744 τὸν

272 3773 300 3826 δὲ
318 3774 355 3844 μὴ
375 3773 537 3846 μικροψύχου
556 3781 639 3828 ποιεῖν
659 3776 731 3846 ἔργον
750 3775 896 3846 ἀνθρώπου.
935 3779 1006 3828 Publ.
1023 3779 1077 3838 Syr.
1097 3777 1144 3828 188
1159 3779 1186 3828 li.
1208 3780 1314 3840 Acceptl
1332 3793 1477 3842 numquam,
1498 3780 1549 3828 olto
1566 3779 1619 3829 dati
1631 3779 1786 3829 obliviscere.
1821 3778 1894 3829 ilaec.

273 3863 341 3911 Ball).
363 3863 415 3913 Pur.
436 3862 477 3916 32.
499 3879 524 3926 ρ.
540 3864 573 3913 40
591 3864 729 3926 Acceptum
749 3867 898 3914 beneficium
917 3871 1032 3914 aeternae
1052 3867 1185 3913 memoriae
1204 3865 1370 3926 iungendum.
1409 3865 1539 3915 Menandri
1558 3880 1623 3918 mou.
1645 3865 1695 3915 749
1712 3859 1793 3934 Χάριν
1811 3860 1897 3933 λαβὼν

273 3946 388 4017 μέμνησο
407 3947 450 3999 παὶ
468 3947 527 4006 δοὺς
546 3946 669 4002 ἐπιλάθου
786 3950 818 3999 43
838 3952 876 3999 De
895 3965 954 4002 mor.
977 3951 1010 3999 59
1035 3951 1138 3999 Nullum
1157 3952 1236 4011 magis
1254 3952 1380 4000 conscium
1398 3958 1554 4014 peccatorum
1573 3959 1672 4001 tuorum
1691 3952 1805 4002 timueris
1822 3965 1897 4015 qnam

273 4041 351 4085 temet
368 4037 465 4097 ἱρσιιιιις
491 4037 553 4085 alios
572 4038 638 4084 enim
657 4043 729 4099 potes
746 4039 858 4098 elingere
877 4045 903 4085 te
922 4051 1075 4100 numquam3
1102 4039 1134 4088 ci.
1159 4037 1207 4088 108
1227 4038 1289 4087 (lum
1314 4039 1375 4086 alios
1399 4039 1526 4100 timueris,
1551 4044 1606 4087 tum
1632 4044 1657 4086 te
1682 4040 1766 4101 ipsum
1789 4039 1897 4087 maxime

273 4135 374 4170 verere:
396 4136 453 4170 nam
471 4124 527 4170 sine
545 4123 602 4170 allia
621 4137 695 4184 saepe
714 4136 769 4171 esse
786 4128 866 4185 potes,
888 4124 942 4171 sine
960 4129 985 4171 te
1003 4137 1149 4184 numquam.
1188 4123 1255 4175 Piut.
1276 4125 1395 4186 apophth.
1416 4124 1470 4174 (θεῖ.
1491 4123 1579 4175 malti
1599 4120 1709 4191 μάλιστα
1727 4120 1826 4193 ἐνάριζε
1845 4121 1897 4174 δεῖν
2004 4174 2009 4183 ,

274 4202 379 4259 {motos
404 4204 479 4259 αὑτὸν
503 4205 645 4260 αἰδεῖσθαι·
672 4205 769 4276 unitos
791 4205 839 4277 γὰρ
866 4205 956 4260 ἑαυτοῦ
981 4206 1108 4276 μηδέποτε
1132 4207 1211 4279 χωρὶς
1235 4206 1308 4261 εἶναι.
1346 4213 1420 4261 Ιοοοι.
1446 4211 1476 4259 ad
1497 4211 1602 4260 Demon.
1623 4210 1639 4259 ii
1658 4203 1796 4278 Μηδῖποσε
1815 4206 1896 4280 μηδὲν

274 4290 377 4364 αἰσχράν
395 4293 504 4363 ποιήσας
523 4291 609 4354 ἔλπιζε
626 4292 729 4364 λήσειν·
757 4292 800 4346 οιαὶ
817 4293 865 4365 γὰρ
882 4293 913 4346 ἂν
931 4292 991 4352 τοὺς
1013 4291 1108 4352 ἄλλους
1126 4293 1218 4364 λάθῃς,
1242 4295 1326 4366 cnoro]
1342 4313 1370 4367 γε
1388 4293 1554 4365 ουνειδήσεις,
1592 4296 1663 4348 Caco.
1686 4297 1755 4346 Balb.
1776 4295 1830 4345 Par.
1852 4294 1896 4357 65,

275 4394 299 4442 p.
314 4377 347 4428 42
367 4381 551 4429 Conscientiam
563 4377 672 4447 [potins]
685 4397 760 4444 quam
772 4383 862 4431 iamsm
875 4384 993 4441 intende;
1016 4383 1108 4431 lamam
1127 4384 1193 4431 enlm
1212 4396 1287 4445 εεορο
1306 4384 1398 4447 poteris
1416 4384 1510 4440 fallere,
1531 4384 1707 4432 conscientiam
1726 4396 1862 4445 numquam

275 4467 315 4516 W.
335 4466 431 4516 Bnrlei.
451 4481 471 4515 s.
493 4482 517 4515 v.
539 4468 689 4516 Anacharsis
709 4469 811 4530 ‘Turpe
829 4468 890 4530 quid
909 4483 1016 4517 ausurus
1035 4475 1060 4517 te
1078 4470 1134 4517 sinc
1152 4476 1217 4518 teste
1236 4471 1310 4517 time'

276 4657 294 4663 -
300 4656 682 4664 --———.—.-——.—

360 4795 393 4845 33
411 4795 524 4859 pulcrius
542 4793 596 4856 AL,
616 4770 715 4856 pnle¹m
738 4792 774 4843 l'i
876 4803 916 4845 est
932 4799 1012 4860 parari
1034 4796 1063 4858 P,
1084 4799 1162 4858 pareri
1180 4801 1225 4845 cst.
1332 4796 1365 4846 34
1383 4803 1423 4846 est
1440 4810 1488 4847 οοι.
1504 4794 1528 4843 Ρ
1629 4797 1712 4844 caueri
1732 4790 1866 4843 Anrnvss

275 4883 365 4943 poterit
384 4878 469 4931 LBV³
572 4880 721 4929 enerues
742 4884 862 4946 (neas),
884 4897 933 4945 que
955 4881 991 4931 Vi
1095 4880 1180 4933 sunt
1203 4882 1247 4943 ily.
1268 4884 1340 4943 υοὶρο
1444 4883 1529 4932 timeri
1548 4878 1660 4931 ALRW

360 4968 406 5016 Vl.
444 4968 531 5017 Chilon
550 4968 748 5017 lacedaemonius
766 4969 836 5019 codd.
857 4971 913 5032 (orn.
939 4967 979 5032 Vi)
1085 4970 1116 5017 37
1136 4972 1197 5017 item
1217 4971 1274 5017 vive
1294 4965 1398 5035 memor]
1420 4971 1548 5018 immemor
1566 4975 1595 5018 nt
1613 4969 1649 5017 sis
1667 4964 1761 5017 uruat
1784 4966 1841 5029 Uo„
1862 4967 1901 5016 uti

275 5056 310 5102 sis
328 5067 421 5103 memor
439 5063 465 5103 et
483 5054 563 5117 Lucci.
579 5057 651 5115 οοῖρο
756 5054 788 5103 38
807 5069 931 5118 exuperes
949 5053 987 5105 itt
1011 5055 1065 5117 llo..
1088 5070 1241 5119 exsuperans
1261 5057 1283 5104 P
1303 5053 1376 5106 Vens
1392 5056 1462 5117 οοῖρο
1566 5062 1610 5105 ant
1627 5061 1686 5104 unic
1704 5055 1781 5104 amieo
1798 5067 1847 5102 om.
1866 5049 1903 5099 Vi

276 5139 308 5189 38
326 5141 387 5203 quid
405 5154 453 5191 om.
473 5139 523 5192 11³2
548 5141 590 5202 Uo.
698 5138 756 5208 nec]
776 5140 859 5192 noui
883 5141 938 5203 du,
959 5157 1007 5190 om.
1029 5145 1052 5190 A
1156 5142 1189 5192 40
1207 5157 1255 5192 om.
1277 5140 1292 5192 i
1314 5141 1358 5202 Uo.
1465 5141 1495 5191 di
1518 5142 1612 5191 homini
1632 5140 1693 5192 Art
1717 5141 1774 5202 Uo,
1794 5142 1902 5189 hominis

274 5231 330 5286 cst,
360 5228 481 5277 hominist
499 5227 622 5276 Baehrens
762 5243 826 5291 qnae
844 5242 891 5280 om.
912 5226 927 5279 i
952 5228 995 5289 Uo.
1137 5229 1228 5277 simllis
1245 5225 1331 5276 LRV³
1468 5230 1603 5277 iuuentute
1622 5231 1654 5289 Α,
1674 5230 1797 5278 inuentus
1816 5225 1888 5275 ΗΝ

275 5312 309 5362 42
328 5314 432 5361 inuenta
449 5322 489 5364 est
506 5312 668 5376 ALPRl'iD,
690 5317 811 5365 inuentus
831 5317 887 5378 (σοι.
909 5317 956 5377 est)
977 5312 1059 5366 Ml'ii
1083 5315 1126 5376 Uo.
1147 5315 1227 5376 οολρο,
1248 5322 1367 5364 senectus
1387 5315 1445 5376 (om.
1465 5319 1511 5376 est)
1533 5315 1556 5362 Β
1669 5316 1760 5375 gratior
1777 5308 1868 5360 BMV²

276 5405 378 5447 senecta
395 5398 439 5446 LR

362 5484 420 5536 vu.
458 5487 608 5535 Anacharsis
627 5488 726 5546 scythes
748 5489 836 5548 (schita
854 5488 884 5550 L,
905 5490 983 5537 scitha
1002 5487 1088 5537 nevi
1104 5487 1174 5538 codd.
1191 5488 1336 5537 Ροοῖοισπιιῖ
1354 5493 1375 5536 et
1388 5488 1511 5550 Ascanii)
1532 5484 1723 5546 ALPRBW,
1744 5485 1835 5536 Thales
1853 5487 1902 5535 ml·

275 5571 355 5620 leslns
373 5569 388 5621 λ
407 5570 451 5633 Uo.
465 5573 545 5634 σοῖρο,
565 5587 612 5623 om.
634 5571 667 5620 V³
775 5573 971 5638 dimunitione,
992 5573 1170 5634 mortiscodd.‚
1193 5573 1397 5625 vrassanum
1500 5575 1534 5624 45
1552 5574 1614 5636 quid
1633 5571 1648 5625 4
1665 5572 1711 5634 ilo.
1817 5579 1905 5623 sustu·

276 5654 369 5707 lerisi
391 5657 436 5717 Uo.
455 5659 536 5720 οοῖρο,
555 5658 686 5707 distuleris
704 5665 749 5708 set.
769 5659 822 5710 cod.
846 5661 959 5709 Accessit
1062 5660 1096 5711 48
1115 5662 1208 5710 metuis
1227 5662 1248 5708 A

354 5757 474 5800 drausius.
1402 5783 1427 5811 tx
1660 5763 1693 5815 32
