4358 6234
286 319 345 382 184
1016 316 1170 372 AVSONII

283 504 508 589 signatamque
533 505 575 571 ad
597 513 629 572 te
652 506 824 591 epistulam
847 506 940 589 misi,
973 527 1014 573 ne
1037 508 1242 573 snbomatum
1266 507 1390 574 diceres
1412 508 1638 592 tabellarium,
1672 511 1701 576 si
1723 512 1768 578 ad
1790 520 1823 579 te
1855 513 1928 579 sine

284 608 368 691 signi
391 609 455 673 fide
478 609 612 674 veniret.
661 608 789 692 signavi
811 616 919 674 autem
941 630 1015 690 non,
1041 617 1076 674 ut
1098 611 1232 676 Plautus
1255 612 1318 689 ait,
1349 616 1425 697 ‘per
1447 632 1553 678 ceram
1576 619 1609 678 et
1630 612 1756 698 lignum
1780 615 1929 681 litteras-

284 733 345 794 que
368 712 584 797 interpretes’,
613 713 671 778 sed
693 732 751 797 per
765 713 924 797 poeticum
942 713 1169 795 characterem,
1197 714 1262 799 <nt>
1279 715 1384 798 magis
1400 723 1507 781 notam
1521 716 1662 782 inustam
1678 737 1778 802 quam
1793 719 1928 802 signum

286 815 478 899 impressum
501 815 672 918 iudicares.

1080 1057 1113 1122 2.

616 1229 749 1311 Philon,
776 1230 856 1294 meis
878 1230 932 1312 qui
956 1229 1108 1294 vilicatus
1129 1230 1290 1314 praediis,

704 1340 738 1397 ut
758 1332 829 1416 ipse
851 1333 937 1412 vuit,
964 1332 1139 1418 ἐπίτροπος,

622 1437 704 1514 (nam
727 1435 900 1518 gloriosum
924 1437 1104 1501 Graeculus
1126 1457 1243 1502 nomen
1266 1443 1372 1520 putat,

702 1539 787 1622 quod
811 1559 915 1605 sermo
938 1539 1027 1606 fucat
1048 1539 1175 1625 Dorius)

616 1643 683 1708 suis
706 1644 859 1725 querellis
881 1643 1003 1710 adserit
1023 1651 1149 1709 nostras
1171 1665 1299 1730 preces,

700 1765 782 1829 quas
803 1746 873 1830 ipse
896 1747 1002 1813 lentus
1025 1767 1209 1831 prosequor.

614 1849 740 1914 videbis
763 1849 887 1933 ipsum,
913 1850 1019 1932 qualis
1041 1849 1148 1916 adstet
1171 1852 1365 1932 comminus,

704 1953 811 2036 imago
835 1954 980 2019 fortunae
1004 1973 1098 2034 suae,

615 2076 729 2136 canus,
757 2076 920 2135 comosus,
947 2057 1114 2143 hispidus,
1141 2066 1229 2139 trux,
1255 2060 1401 2131 atribux,

702 2159 919 2224 Terentianus
942 2160 1106 2241 Phormio,

615 2263 748 2327 horrens
770 2262 897 2346 capillis
921 2270 955 2327 ut
976 2264 1120 2329 marinus
1144 2264 1272 2349 asperis

700 2364 832 2431 echinus
855 2372 912 2430 aut
933 2386 1046 2433 versus
1069 2367 1143 2432 mei.

614 2469 667 2533 hie
690 2488 788 2553 saepe
812 2469 914 2534 falsus
938 2470 1099 2535 messibus
1120 2471 1339 2553 vegrandibus

700 2592 816 2637 nomen
838 2592 972 2656 perosus
995 2573 1082 2637 vilici

614 2682 757 2741 semente
781 2695 853 2740 scra
875 2676 943 2741 sive
967 2677 1100 2741 multum
1125 2697 1322 2761 praecoqua,

703 2787 736 2845 et
759 2779 893 2852 siderali,
912 2780 1056 2859 inscitia,

614 2884 739 2948 caelum
762 2883 926 2947 lacessens
950 2901 1048 2966 seque
1072 2886 1186 2969 culpae
1209 2885 1402 2951 subtrabens

700 3005 772 3050 reos
794 2986 920 3070 peregit
942 2986 1086 3052 caelites.

613 3109 675 3153 non
699 3090 800 3154 cultor
821 3089 963 3172 instans,
989 3110 1053 3154 non
1076 3096 1183 3156 arator
1205 3091 1372 3174 gnaruris,

699 3212 891 3276 promusque
915 3214 1009 3276 quam
1034 3195 1155 3259 condus
1177 3195 1300 3276 magis,

614 3303 732 3361 terram
755 3295 918 3360 infidelem
942 3317 1001 3361 nec
1025 3298 1162 3362 feracem
1187 3299 1358 3362 criminans

700 3400 858 3482 negotiari
881 3401 1003 3465 maluit.

611 3511 770 3569 mercatur
794 3503 858 3588 (in)
882 3497 1009 3585 quoquo
1033 3504 1100 3567 foro
1123 3505 1285 3569 venalium

697 3612 839 3672 mutatus
862 3607 905 3670 ad
928 3606 1085 3672 Graecam
1108 3606 1222 3686 fidem,

363 3923 447 3972 xxii.
470 3919 500 3972 l.
539 3921 569 3971 12
589 3922 669 3972 Plaut.
692 3920 782 3969 Pseud.
805 3921 816 3967 I
838 3919 859 3979 1,
881 3920 914 3967 40
936 3919 985 3980 (42)

363 4005 394 4059 2.
430 4009 495 4071 isq.
516 4009 589 4058 Ouid.
610 4008 687 4058 Trist.
709 4008 746 4054 Ill
766 4006 790 4067 8,
812 4006 844 4055 30
869 4011 934 4053 astat
953 4007 1067 4054 fortunae
1092 4006 1170 4053 iorma
1193 4006 1299 4066 legenda
1321 4021 1391 4056 meae
1536 4008 1665 4073 9Appui.
1685 4011 1753 4061 Flor.
1774 4011 1905 4071 1311111,

277 4095 392 4158 hispidus
476 4095 507 4144 10
526 4095 576 4144 Cic.
592 4109 636 4157 pro
649 4093 719 4143 (laec.
738 4092 777 4153 10,
792 4090 824 4141 21
843 4106 889 4140 nec
908 4094 993 4140 minus
1012 4094 1101 4152 niger.
1117 4129 1124 4142 .
1141 4128 1148 4141 .
1164 4107 1237 4153 quam
1250 4094 1293 4140 ille
1307 4094 1476 4143 Terentianus
1488 4101 1528 4143 est
1539 4095 1654 4146 Phormio
1744 4097 1773 4147 11
1788 4113 1825 4162 sq.
1847 4100 1903 4150 ilar.

278 4181 357 4242 Epod.
381 4181 404 4242 5,
425 4180 508 4243 21111.
530 4182 613 4229 barret
632 4180 728 4240 capillis
746 4184 775 4225 ut
793 4181 905 4226 marinus
924 4180 1018 4240 asperis
1036 4178 1142 4226 echinus
1161 4184 1204 4225 aut
1223 4180 1335 4228 Laurens
1354 4195 1413 4243 aper
1517 4180 1551 4231 20
1569 4182 1651 4231 Plaut.
1672 4182 1767 4233 Pseud.
1787 4185 1811 4232 11
1830 4183 1857 4247 2,
1877 4184 1906 4234 il
1934 4207 1937 4213 ·

279 4264 346 4326 (608)
368 4267 462 4315 eerrdns
480 4280 582 4329 promus
599 4270 744 4327 procurator
762 4265 821 4325 peni
952 4264 985 4313 23
1000 4279 1036 4326 sq.
1058 4265 1139 4314 Plaut.
1161 4266 1233 4314 Asin.
1256 4266 1266 4312 l
1286 4265 1309 4326 ³,
1332 4265 1362 4314 41
1388 4266 1453 4329 1199)
1476 4272 1557 4315 cetera
1575 4282 1640 4330 quae
1656 4266 1720 4335 (nos)
1737 4272 1854 4319 volumus
1870 4272 1908 4319 uti

277 4351 369 4400 Graeca
387 4367 526 4401 mercamur
544 4353 594 4401 nde
1287 4352 1288 4356 ’

448 4532 456 4536 -
484 4531 530 4539 --—v

363 4645 389 4694 11
411 4645 470 4708 epla
490 4646 519 4705 Τ,
541 4645 672 4706 epistolam
690 4649 735 4694 eet.
844 4643 874 4692 12
894 4635 932 4706 ll}¹
953 4644 983 4705 Τ,
1003 4645 1100 4706 lignum
1119 4649 1176 4706 eet,
1197 4645 1278 4693 linum
1297 4643 1370 4695 l'ea.⁴
1386 4647 1458 4706 colpe
1478 4647 1568 4710 (linum
1586 4645 1656 4695 codd.
1678 4646 1775 4708 Pinarii,
1796 4649 1906 4699 raama

273 4734 379 4796 lignum)
497 4731 529 4782 13
547 4737 696 4781 caracterem
715 4747 736 4779 ω
843 4733 921 4791 magis
939 4738 997 4779 nota
1016 4733 1101 4779 miuus
1120 4738 1245 4793 tamquam
1268 4733 1394 4794 (tanquam
1417 4733 1446 4796 Τ)
1467 4747 1499 4795 ω,
1519 4733 1598 4793 magis
1616 4734 1761 4782 notavimus
1778 4740 1904 4797 tamqnam

278 4817 349 4869 Vm.⁴
366 4822 447 4880 volpe,
469 4821 547 4879 magis
566 4824 652 4866 notum
671 4823 700 4865 nt
718 4825 846 4880 tamquam
868 4818 932 4876 Το11,
953 4823 982 4865 111
1000 4819 1079 4877 magis
1098 4823 1181 4866 uotam
1201 4820 1311 4867 inustam
1330 4834 1404 4881 quam
1423 4819 1560 4867 Mommsen

359 4902 389 4956 2.
428 4906 437 4954 1
460 4907 588 4954 uillicatus
609 4905 629 4950 Τ
733 4904 824 4967 ῑῇΙίἰε
845 4904 865 4949 Τ
882 4904 900 4959 ti
911 4902 972 4964 del.)
1084 4902 1099 4951 2
1120 4899 1255 4973 ἐπίτροπος
1274 4908 1302 4953 in
1323 4906 1343 4951 Τ
1361 4905 1418 4954 add.
1432 4902 1470 4952 m?
1492 4907 1526 4965 (in
1536 4920 1586 4965 mp.
1601 4905 1637 4952 m¹
1650 4907 1776 4968 senqnod
1789 4909 1903 4971 mauolt),

272 5006 415 5060 επιτροωοιι
435 4991 469 5051 li,
492 4988 614 5058 ἐπιτρωον
634 4993 651 5049 1,
673 4987 819 5057 ἐπιτροωομ
836 5007 860 5051 c,
881 5004 928 5039 om.
951 5005 1002 5050 mu,
1024 4974 1185 5057 trrrpnar'rb*
1288 4980 1457 5051 4110ιί01111,
1480 4992 1673 5098 Dor‘fflsff‘)
1778 4993 1903 5056 {aquara-

271 5114 302 5161 lis
322 5127 343 5160 ω
457 5112 587 5160 asseritT
702 5111 874 5160 'loomminus
892 5111 933 5170 lE,
954 5112 1067 5159 cominus
1085 5118 1130 5161 cet.
1246 5112 1382 5160 Patribus
1403 5110 1500 5176 ΤΜυΕ,
1521 5115 1622 5160 atribnx
1640 5114 1658 5173 1,
1680 5115 1778 5163 atribus
1795 5129 1849 5176 arra,
1867 5113 1902 5174 ei,

272 5198 323 5248 iad.
345 5214 366 5247 s.
385 5214 409 5247 c.
430 5200 546 5259 atribnx;
575 5200 680 5247 attubus
699 5198 766 5248 seat.
787 5200 858 5258 volpe
880 5197 922 5259 (cs.
943 5200 1016 5258 owse.
1038 5198 1134 5247 Pliten.
1153 5215 1180 5259 p.
1202 5200 1244 5258 95,
1266 5201 1298 5246 12
1316 5199 1423 5246 atubns:
1444 5195 1594 5267 μογιλάλος,
1616 5196 1723 5268 penda
1754 5199 1824 5249 unde
1839 5204 1904 5263 pald

271 5287 362 5333 rutubus
381 5284 445 5333 idem
462 5299 511 5333 erae
528 5291 598 5347 otqrae
615 5281 720 5344 ἇτυπος)
842 5283 870 5332 11
891 5284 1018 5333 honeri*
1125 5284 1155 5333 12
1174 5285 1324 5334 ecbiuuai'
1430 5284 1462 5333 14
1479 5286 1601 5335 uillicli'
1708 5284 1740 5335 15
1759 5300 1905 5352 prequestua

273 5371 301 5430 Τ,
331 5370 450 5433 ῇςυοῳιι
468 5371 547 5433 uma,
577 5385 716 5433 praecoqua
733 5372 791 5432 ivE,
819 5372 949 5433 praecoqui
969 5370 1091 5418 Βοώτεω
1232 5370 1261 5419 17
1282 5372 1379 5420 coelum
1401 5372 1569 5420 lacesceuai'
1709 5371 1742 5422 1⁸
1760 5372 1904 5423 coalitaal'

273 5456 303 5505 19
322 5470 414 5515 gnarus
433 5456 462 5504 Μ
600 5456 632 5506 20
650 5471 752 5519 promus
772 5456 800 5503 lii
819 5459 876 5519 (om.
896 5458 954 5520 qne)
1079 5457 1156 5504 codns
1175 5455 1204 5504 Μ
1340 5455 1373 5506 23
1392 5462 1566 5519 mereaturque
1585 5456 1616 5519 Τ,
1639 5463 1766 5507 mereatur
1780 5472 1832 5522 quo
1850 5456 1902 5523 Ιχ.

270 5546 394 5590 mereatur
411 5557 463 5591 rem
481 5557 580 5606 queque
598 5541 669 5601 Per„
690 5549 814 5592 mercatur
831 5560 847 5591 e
865 5557 964 5605 quoquo
983 5543 1050 5592 Seni.
1071 5545 1151 5603 culpo,
1175 5549 1299 5591 mercatur
1317 5544 1345 5591 in
1363 5554 1460 5605 quoqne
1481 5543 1536 5593 Via.
1677 5543 1769 5593 maluit
1786 5549 1905 5593 narum

269 5627 629 5689 camaracenorum
733 5632 797 5678 ierro
817 5628 844 5677 Μ
947 5629 981 5680 24
1000 5633 1111 5678 mutatus
1129 5644 1182 5690 eqo,
1203 5636 1315 5678 mutatur
1334 5643 1366 5693 ω,
1386 5635 1518 5679 mutuatur
1536 5625 1693 5691 Veaieeloa
1799 5628 1907 5679 flrlaaf
