4358 6234
277 329 349 397 LVI
970 328 1200 386 PROOEIIIVII.

276 555 346 620 lunt
368 555 431 622 ista
464 555 604 637 ‘Felix,
639 574 696 621 seu
719 555 849 622 memini
872 555 941 621 sive
964 555 1045 622 nihil
1068 555 1213 622 memini'
1244 563 1277 623 et
1299 563 1334 623 ut
1356 556 1474 643 optimc
1498 577 1533 623 se
1555 555 1676 623 habent
1698 557 1749 639 34,
1776 559 1796 621 6
1824 554 1904 620 ‘Ae-

276 676 353 741 tatis
375 676 497 742 meritis
519 697 600 742 anus
623 677 696 759 est’,
731 678 776 742 ita
799 697 895 744 sensu
919 678 1046 743 omnino
1069 697 1164 743 cassa
1186 686 1260 744 sunt
1288 679 1373 744 ‘Iam
1397 678 1519 744 meritIs
1541 698 1623 743 anus
1645 684 1694 743 est
1716 683 1748 742 et
1768 676 1900 742 adhuc'.

277 794 363 861 adde
393 797 478 880 quod
501 805 622 880 quanta
644 799 741 864 suerit
762 798 962 864 librariorum
985 799 1149 866 temeritas
1172 799 1205 864 in
1229 798 1387 885 scriptura
1409 797 1624 879 immutanda,
1658 818 1698 863 cx
1719 796 1846 862 XXVII
1868 799 1897 875 9,

279 919 319 981 23
343 917 514 1001 colligitur,
541 919 574 983 in
597 939 660 1002 quo
681 938 777 985 vorsu
800 920 900 985 vcrba
925 900 1090 985 ‘Fallaces
1113 919 1236 1002 ligures
1262 971 1327 986 ...
1353 920 1449 986 situs‘
1471 919 1506 985 in
1530 922 1553 981 C
1574 919 1751 1004 depravata
1773 923 1847 983 sunt
1868 917 1901 981 iu

281 1038 449 1104 ‘Audaces
472 1039 539 1105 licii
566 1041 789 1106 ...tamen’.
837 1039 896 1106 sed
925 1040 965 1105 dc
995 1040 1069 1105 aliis
1099 1041 1197 1106 etiam
1230 1040 1397 1125 scripturis
1419 1040 1563 1107 codicum
1586 1064 1631 1122 ω,
1663 1039 1779 1122 quibus
1802 1037 1904 1123 primo

277 1160 388 1224 obtutu
410 1180 473 1224 non
496 1160 680 1242 offendaris,
707 1182 803 1243 quam
826 1160 967 1226 maxime
990 1160 1131 1227 dubitari
1154 1167 1269 1246 potest.
1310 1161 1428 1228 etenim
1452 1161 1563 1242 11113,
1583 1163 1623 1224 84
1647 1180 1729 1244 quae
1752 1160 1904 1243 leguntur
1972 1234 1979 1248 ο

278 1280 309 1344 in
339 1285 362 1342 V
381 1280 522 1345 Ausonio
545 1280 613 1347 sinc
638 1280 735 1347 dubio
758 1281 952 1365 dignissima
974 1288 1066 1365 sunt,
1100 1282 1206 1348 minus
1229 1289 1337 1348 autem
1361 1283 1490 1366 placent
1512 1301 1568 1363 ca,
1594 1301 1677 1365 quac
1700 1279 1774 1346 libri
1796 1305 1822 1344 ω
1846 1300 1904 1344 ex-

281 1398 402 1481 hibent,
429 1421 469 1466 ac
491 1401 629 1468 sortasse
652 1421 775 1481 cares,
803 1401 889 1486 quod
917 1402 1103 1468 ‘modulatI'
1126 1423 1188 1467 non
1211 1402 1472 1486 intellegebatur,
1499 1401 1619 1466 homini
1641 1401 1768 1467 cuidam
1791 1420 1903 1466 ansam

280 1520 369 1585 dedit
397 1521 439 1586 ad
469 1522 554 1587 bunc
583 1543 711 1589 vorsum
742 1530 862 1589 temere
893 1522 1137 1588 immutandum.
1184 1524 1312 1589 XXVII
1338 1526 1388 1606 13,
1415 1528 1433 1587 5
1457 1522 1592 1590 offendit
1617 1522 1810 1607 ‘catalepta’
1832 1521 1904 1586 lIa-

192 1670 200 1679 ·
275 1640 361 1705 ronis
384 1643 512 1707 nominc
535 1664 598 1707 non
621 1643 758 1726 adiecto,
784 1644 870 1727 quod
895 1649 918 1708 V
938 1645 1081 1730 praebet,
1107 1651 1140 1710 et
1162 1665 1192 1709 v.
1220 1648 1239 1709 3
1262 1646 1362 1711 verba
1388 1643 1489 1728 ‘quod
1511 1663 1788 1726 nonnumquam
1809 1661 1905 1727 prae-

276 1760 387 1826 sumit'
411 1783 472 1827 non
497 1764 648 1845 Ausonii,
676 1765 734 1830 sed
756 1765 879 1830 librarii
901 1786 1031 1830 manum
1054 1765 1189 1850 prodere
1212 1764 1374 1831 videntur.
1421 1764 1537 1830 mirum
1560 1762 1702 1850 profecto
1724 1770 1791 1847 est,
1817 1762 1904 1847 quod

279 1881 405 1947 XXVII
428 1887 458 1964 9,
480 1887 521 1946 24
543 1884 577 1949 in
600 1909 627 1948 ω
651 1892 751 1967 extat,
782 1886 868 1951 ‘Iam
891 1886 1009 1970 pelago
1032 1886 1145 1952 volitat
1167 1894 1325 1952 mercator
1346 1884 1514 1952 vestifluus
1536 1885 1622 1951 Scr.'
1660 1884 1797 1970 primum
1819 1883 1904 1948 enim

277 2003 350 2084 quis
377 2024 497 2086 quaeso
528 2025 678 2089 umquam
701 2006 825 2073 audivit
846 2006 886 2072 dc
910 2006 1024 2072 Serum
1047 2006 1333 2089 navigationibus?
1364 2006 1418 2089 [cf.
1444 2004 1686 2072 Friedlaender.
1712 2004 1820 2070 Darst.
1845 2023 1904 2069 aus

278 2123 310 2186 d.
336 2124 409 2189 Sitt.
436 2126 533 2190 Roms
556 2126 603 2191 11⁶
626 2133 663 2191 61
683 2129 760 2212 sq.).
808 2128 926 2194 deinde
955 2127 1006 2210 id,
1041 2128 1127 2212 quod
1149 2126 1311 2213 proprium
1334 2148 1373 2193 ac
1396 2127 1560 2212 peculiare
1582 2134 1632 2192 est
1654 2126 1784 2207 Serum,
1817 2123 1905 2190 desi-

274 2242 404 2310 deratur
433 2246 467 2310 in
496 2245 557 2311 hoc
588 2267 701 2328 versu,
735 2256 1000 2315 commemoratur
1022 2248 1055 2313 in
1078 2247 1236 2331 scriptura
1258 2247 1419 2314 Vossiaui.
1467 2267 1506 2313 ac
1528 2246 1556 2313 si
1578 2268 1613 2313 re
1635 2267 1729 2328 vera,
1762 2245 1796 2311 id
1818 2245 1902 2328 quod

275 2362 473 2448 intellegitur
495 2386 537 2431 ex
559 2387 654 2433 versu
677 2368 803 2434 XXVII
830 2373 880 2452 13,
907 2375 938 2445 5,
963 2368 1069 2452 quaIIs
1092 2368 1125 2433 in
1147 2373 1170 2432 V
1190 2375 1289 2451 extat,
1314 2368 1478 2435 Ausonius
1500 2369 1534 2433 in
1556 2367 1695 2433 carmine
1718 2365 1904 2450 Vergiliano

275 2484 354 2568 legit
380 2486 454 2569 ‘al’,
480 2487 553 2569 quis
576 2508 697 2571 quaeso
720 2489 883 2555 existimet
905 2510 977 2555 cum
1001 2488 1082 2554 illud
1111 2489 1176 2553 ‘al'
1200 2489 1232 2553 in
1249 2489 1353 2574 priore
1369 2489 1554 2555 recensione
1570 2487 1699 2554 silentio
1713 2487 1903 2553 transiisset

276 2613 359 2671 certe
382 2606 415 2671 in
438 2628 563 2673 canon
590 2610 673 2692 ‘tau,
700 2610 775 2687 min,
804 2610 900 2693 spin',
929 2609 987 2675 sed
1016 2614 1097 2690 ‘tau,
1125 2610 1201 2691 min,
1229 2611 1283 2674 sil'
1308 2609 1421 2676 eodem
1445 2610 1538 2675 modo
1561 2630 1622 2692 quo
1644 2608 1677 2672 in
1700 2608 1804 2673 altera
1818 2626 1905 2673 com-

274 2734 499 2792 memorantur.
547 2729 605 2794 scd
634 2730 795 2795 turbatum
826 2750 898 2795 esse
928 2731 992 2795 iam
1022 2730 1197 2814 antiquitus
1229 2731 1289 2797 boc
1318 2732 1388 2797 loco
1417 2751 1437 2795 a
1468 2730 1607 2796 librariis
1629 2726 1769 2795 ostendit
1792 2748 1904 2794 vorsus

274 2847 430 2931 septimus
459 2855 581 2915 temere
610 2849 643 2915 in
673 2871 799 2932 eorum,
833 2847 922 2934 quae'
948 2851 1110 2935 Vergilius
1140 2852 1279 2933 luserat,
1312 2850 1643 2917 commemorationem
1671 2848 1814 2914 intrusus
1848 2848 1901 2931 (cl.

276 2967 401 3052 Peiper.
428 2971 489 3033 285
507 2972 591 3053 sqq.)
604 2971 641 3053 ⁴).

361 3088 461 3154 Vides
494 3110 599 3174 pauca
628 3098 766 3172 restare,
801 3112 885 3174 quae
914 3113 948 3156 re
971 3112 1049 3157 vera
1071 3092 1212 3159 Ausonio
1235 3093 1332 3158 tribui
1355 3092 1490 3178 possint.
1537 3098 1636 3174 atque
1658 3111 1699 3156 ex
1722 3089 1900 3169 bisetium,

276 3208 303 3273 si
326 3209 440 3275 eadem
464 3212 585 3276 trutina
608 3212 714 3277 omnia
737 3212 922 3279 examinare
945 3214 1037 3291 velis,
1069 3234 1180 3280 vercor
1204 3221 1239 3278 ut
1260 3214 1415 3279 nonnulla
1436 3213 1498 3279 hoc
1520 3210 1739 3297 experimento
1761 3229 1908 3296 compro-

274 3329 400 3397 bentur.
449 3331 523 3414 sod,
554 3353 595 3398 nc
619 3334 734 3416 longus
757 3333 834 3415 sim,
862 3334 924 3399 iam
949 3334 1025 3400 huic
1048 3334 1258 3418 disputationi
1281 3335 1377 3400 finem
1400 3334 1580 3419 imponam,
1607 3330 1796 3419 pracsertim
1819 3351 1901 3413 cum,

273 3451 334 3516 etsi
356 3452 522 3519 evincatur
544 3453 690 3520 diversas
713 3454 745 3519 in
769 3455 860 3521 libris
879 3479 905 3518 ω
929 3455 1115 3540 scripturas,
1141 3476 1225 3539 quae
1248 3477 1288 3522 ex
1311 3456 1414 3520 altera
1436 3453 1625 3520 recensione
1646 3450 1807 3538 profectae
1830 3471 1904 3517 esse

274 3571 440 3653 videntur,
474 3594 537 3641 non
567 3574 610 3639 ad
632 3575 810 3641 Ausonium
841 3576 1044 3656 referendas,
1080 3575 1139 3642 sed
1168 3586 1279 3642 omncs
1309 3576 1509 3641 librariorum
1540 3574 1684 3641 lubidine
1713 3593 1753 3639 ac
1774 3571 1906 3638 licentia

273 3699 359 3757 ortas
382 3713 455 3758 esse
464 3698 498 3775 ⁵),
526 3694 575 3759 vis
599 3704 867 3779 argumentorum,
896 3717 978 3781 quac
1002 3717 1099 3781 supra
1122 3696 1357 3782 proposuimus,
1383 3717 1446 3761 non
1468 3695 1673 3777 infringatur.

361 3812 483 3891 Quodsi
511 3814 592 3880 haec
619 3823 705 3882 recte
728 3815 915 3901 disputavi,
949 3817 1154 3882 statuendum
1179 3823 1229 3882 cst
1250 3816 1333 3882 duas
1355 3815 1531 3900 antiquitus
1554 3814 1777 3899 opusculorum
1800 3813 1905 3878 Auso-

275 3933 442 3999 nianorum
473 3935 618 4019 syllogas
641 3936 796 4003 extitisse.
827 3942 980 4022 'quarum
1005 3960 1045 4004 ex
1069 3938 1173 4003 altera
1195 3936 1358 4003 fluxerunt
1380 3944 1548 4022 excerpta,
1582 3956 1666 4018 quae
1689 3934 1855 4001 codicibus
1877 3958 1904 3997 ω

276 4056 490 4137 continentur,
517 4076 557 4121 cx
580 4057 684 4123 altera
706 4058 851 4143 profecta
875 4065 949 4125 suut
971 4066 1124 4144 excerpta
1146 4059 1178 4124 in
1196 4058 1353 4123 Vossiano
1369 4063 1402 4122 et
1416 4056 1573 4140 Parisino,
1599 4055 1791 4139 florilegium
1806 4053 1900 4137 illud,

273 4175 358 4257 quod
379 4197 463 4241 nunc
486 4176 666 4262 dispersum
689 4178 722 4243 in
746 4179 828 4245 libro
851 4180 885 4243 S.
911 4180 1017 4261 Galli,
1052 4179 1275 4258 Bruxellensi,
1298 4158 1449 4243 ¹Parisino
1473 4179 1556 4241 4887
1580 4176 1718 4258 aliisque
1739 4175 1832 4240 libris
1853 4173 1904 4239 in-

274 4296 413 4369 venitur,
448 4297 710 4383 Technopaegnii
740 4300 847 4384 capita
875 4301 1036 4383 quaedam
1065 4299 1275 4365 inaccensi
1305 4304 1339 4364 et
1360 4298 1519 4378 Parisino,
1555 4296 1663 4362 Oratio
1686 4303 1720 4362 et
1741 4294 1900 4379 epistulae

272 4415 523 4482 XXIII—XXV
549 4418 581 4483 iu
612 4419 775 4485 codicibus
798 4421 1015 4504 Paulinianis,
1051 4421 1092 4486 de
1122 4421 1238 4504 quibus
1262 4439 1360 4505 supra
1382 4418 1607 4504 exposuimus,
1642 4415 1781 4499 denique
1803 4415 1903 4498 Eglo-

273 4557 386 4620 garum
410 4538 554 4604 carmina
575 4539 640 4605 duo
663 4547 758 4623 atque
782 4542 1015 4626 epigrammata
1036 4541 1208 4624 quaedam.
1251 4540 1333 4607 haec
1354 4540 1453 4623 igitur
1475 4541 1516 4606 de
1539 4537 1702 4603 codicibus
1718 4535 1898 4602 sufficiant:

272 4665 397 4742 cetera,
425 4659 548 4744 siquis
572 4661 662 4741 velit,
690 4683 730 4726 cx
754 4663 882 4747 Pciperi
905 4663 987 4729 libro
1010 4669 1116 4747 petat,
1143 4662 1236 4727 docto
1259 4661 1367 4726 hercle
1391 4681 1429 4726 ac
1451 4660 1628 4740 laborioso,
1654 4677 1750 4741 quom
1773 4656 1903 4742 saepius

273 4778 485 4845 laudavimus.

357 5057 383 5119 il
403 5060 468 5120 quod
488 5059 589 5122 11113,
611 5060 620 5109 1
644 5062 738 5121 legitur
755 5063 780 5108 iu
801 5077 822 5110 ω
851 5065 941 5123 ‘quem
963 5068 1047 5110 ments
1066 5063 1126 5121 colo,
1148 5070 1220 5124 puter
1239 5064 1314 5110 unice
1333 5061 1429 5109 rcruur’
1450 5067 1534 5109 utrum
1554 5060 1653 5108 Paulini
1672 5058 1814 5106 imitattonc
1834 5057 1903 5104 ‘om-

272 5146 389 5204 nipotens
408 5159 489 5193 rarum
508 5148 615 5206 genitor'
635 5150 795 5195 continuetur
814 5161 844 5194 an
864 5162 895 5196 ox
916 5149 959 5197 boc
980 5148 1078 5195 Paullul
1098 5163 1170 5197 versu
1189 5150 1310 5209 ortgirrcm
1330 5149 1442 5207 duxerit,
1464 5149 1489 5194 in
1510 5149 1603 5194 incerto
1621 5144 1744 5205 relinquo.

357 5231 381 5287 5)
403 5245 434 5279 uo
453 5246 539 5280 versus
557 5234 659 5294 quidem
678 5233 753 5282 XXII
776 5233 798 5295 l,
819 5235 835 5281 ll
862 5235 1003 5295 ‘Exemplo
1022 5235 1117 5282 contldc
1136 5248 1203 5282 mco:
1229 5237 1264 5282 sic
1282 5237 1397 5297 protinus
1416 5243 1441 5282 et
1460 5232 1498 5282 ta'
1518 5236 1726 5294 incompunctus
1744 5235 1797 5289 cst,
1826 5233 1902 5276 uteo

273 5322 397 5377 umquam
416 5325 562 5377 argumento
581 5322 669 5368 utaris.
702 5334 759 5367 uam
779 5326 807 5367 ut
825 5321 931 5370 concedo
945 5321 1095 5377 Ausonium,
1117 5335 1173 5367 cum
1193 5321 1217 5367 ld
1232 5335 1329 5367 carmen
1344 5321 1374 5367 ad
1387 5320 1533 5378 Gregorlum
1547 5320 1648 5366 mittere
1660 5317 1842 5377 constituisset,
1862 5328 1901 5373 cs,

270 5414 334 5461 quac
353 5401 383 5449 sd
397 5403 545 5466 llesperium
564 5407 706 5469 scripserat,
726 5408 860 5456 immutare
878 5407 999 5468 potuisse,
1023 5408 1058 5454 ltu
1078 5407 1140 5454 nibil
1153 5407 1267 5468 impedit,
1288 5420 1337 5468 quo
1350 5408 1434 5454 minus
1448 5411 1588 5453 statuamus
1601 5405 1741 5452 Ausculum
1753 5399 1901 5461 (tragurium

270 5486 356 5534 codem
376 5489 445 5537 modo
463 5504 512 5551 quo
530 5491 679 5555 Hesperium
700 5493 843 5541 adlocutum
861 5506 918 5541 csso
938 5493 1100 5555 ‘exemplum
1113 5494 1162 5540 lam
1175 5493 1253 5555 patris
1266 5493 1352 5549 babes,
1372 5498 1402 5540 ut
1414 5493 1529 5555 protinus
1540 5497 1567 5539 ct
1578 5489 1631 5553 ta'3
1650 5490 1684 5538 cl.
1698 5485 1804 5537 XXIIII
1817 5484 1842 5549 l,
1858 5484 1900 5537 tt.

932 5684 1016 5691 --.—
1030 5684 1046 5690 -
1057 5682 1239 5691 ——.--—-
