4358 6234
1011 341 1174 399 Avsoulr

1055 687 1110 750 VI.

685 837 797 927 Τρώων
823 837 852 904 δ’
880 836 977 925 οἰώθη
1002 839 1053 904 καὶ
1073 837 1201 927 Ἀχαιῶν
1225 837 1351 925 φύλοπις
1374 841 1456 927 αἰνή.

685 945 781 1010 Solae
804 944 969 1009 decertant
990 943 1077 1010 acies
1100 944 1170 1009 sine
1192 945 1338 1027 numine,
1364 944 1473 1010 divum

685 1054 832 1114 cessante
854 1047 989 1113 auxilio:
1017 1067 1077 1112 sua
1099 1047 1214 1130 cuique
1236 1067 1352 1114 exorsa
1373 1048 1520 1119 laborem

687 1150 909 1233 fortunamque
932 1151 1040 1217 femnt
1061 1149 1184 1236 proprii
1207 1149 1390 1218 discrimine
1413 1150 1483 1216 fati.

359 1256 507 1323 Troianis
531 1255 657 1320 fortuna
677 1254 878 1321 inclinatiore
900 1253 1118 1339 pugnantibus
1141 1254 1288 1339 (suadet)
1311 1259 1403 1320 vates
1425 1253 1580 1335 Helenus,
1606 1259 1641 1318 ut
1662 1252 1810 1319 Minerva
1832 1252 1935 1339 pla-e

272 1365 372 1425 cetur.
419 1359 519 1441 igitur
541 1358 674 1424 Hecuba
696 1357 737 1423 ab
760 1357 896 1423 Hectore
918 1357 1054 1439 monita,
1090 1365 1126 1423 ut
1146 1358 1277 1443 peplum
1305 1357 1339 1422 in
1368 1377 1474 1423 arcem
1501 1355 1637 1439 inierat,
1671 1355 1800 1440 peragit
1828 1363 1903 1421 rota

271 1481 343 1528 cum
375 1460 543 1527 matribus.
588 1460 776 1527 Alexander
804 1459 992 1542 obiurgatus
1020 1480 1042 1525 a
1071 1459 1169 1525 fratre
1198 1459 1305 1544 pergit
1331 1460 1365 1525 in
1392 1458 1561 1544 proelium.
1609 1458 1753 1525 Glaucus
1781 1458 1903 1542 Lycius

271 1564 468 1648 Aetolusque
483 1563 657 1630 Diomedes
680 1563 843 1648 congressi
866 1569 901 1627 ui
923 1562 1121 1645 dimicarent,
1148 1583 1220 1629 cum
1236 1564 1300 1628 iam
1316 1570 1478 1630 certamen
1493 1562 1637 1643 oriretur,
1663 1567 1801 1647 paterna
1820 1561 1904 1627 inter

272 1687 308 1734 se
330 1667 470 1752 hospitia
491 1667 649 1734 recordati
671 1667 756 1732 facta
779 1686 938 1731 armorum
961 1667 1195 1752 permutatione
1217 1665 1397 1733 discedunt.

1051 1925 1122 1989 VII.

359 2079 392 2146 8.
676 2073 737 2151 Ὣς
761 2074 851 2142 εἰπὼν
873 2081 991 2144 πυλέων
1014 2080 1150 2151 ἐξέσσυτο
1173 2078 1316 2165 φαίδιμος
1331 2073 1466 2165 Ἕκτωρ.
1852 2085 1903 2135 427

685 2183 775 2247 Haec
798 2182 853 2247 ubi
875 2181 961 2247 dicta
983 2182 1083 2265 dedit,
1110 2182 1211 2266 portis
1234 2200 1306 2248 sese
1328 2182 1444 2248 extulit
1464 2181 1591 2248 Hector.

360 2286 523 2352 Mineruae
554 2284 777 2370 Apollinisque
814 2304 973 2351 consensu
1001 2285 1195 2351 fortissimus
1225 2285 1420 2351 Graecomm
1457 2286 1498 2350 ab
1529 2285 1663 2350 Hectore
1696 2288 1901 2368 provocatur.

272 2409 386 2455 novem
416 2389 552 2454 ducibus
583 2388 626 2453 ad
655 2387 871 2453 dimicandum
900 2389 1022 2473 paratis
1052 2396 1268 2474 pugnaturum
1299 2387 1391 2472 diligi
1422 2388 1531 2474 placet
1559 2387 1653 2453 sortis
1683 2393 1814 2453 eventu.
1862 2387 1904 2451 ab

272 2493 373 2557 Aiace
396 2491 586 2558 Telamonio
609 2491 765 2576 proelium
788 2491 951 2575 singulare
975 2492 1167 2571 conseritur,
1197 2493 1231 2557 in
1253 2512 1315 2575 quo
1337 2492 1455 2559 Hector
1476 2490 1588 2575 lapide
1609 2490 1693 2556 ictus
1714 2490 1748 2554 in
1772 2508 1937 2554 suorume

273 2615 308 2660 se
332 2595 444 2680 recipit
466 2594 712 2659 multitudinem.
760 2601 988 2678 perseverante
1017 2595 1190 2661 certamine
1221 2596 1414 2662 caduceator
1448 2593 1566 2661 Idaeus
1598 2593 1782 2658 intervenit.
1834 2598 1905 2660 tum

271 2697 410 2764 invicem
433 2697 537 2763 mistis
560 2698 745 2763 muneribus
768 2718 878 2783 pugna
900 2697 1040 2765 sedatur.
1088 2699 1207 2764 Hector
1228 2698 1361 2763 Aiacem
1384 2697 1504 2780 gladio,
1530 2696 1613 2763 Aiax
1635 2696 1808 2761 Hectorem
1830 2693 1905 2759 bal-

271 2807 323 2865 teo
346 2808 541 2866 muneratur.
589 2801 765 2867 intercessu
786 2801 890 2867 noctis
912 2802 1070 2868 exercitus
1092 2802 1210 2885 quique
1231 2801 1266 2866 in
1288 2820 1348 2867 sua
1370 2799 1551 2867 discedunt.
1598 2797 1651 2865 die
1672 2798 1777 2864 altero
1801 2798 1905 2863 inter-

272 2904 427 2969 fectorum
457 2905 600 2970 humatio
629 2912 827 2989 procuratur.
882 2905 1076 2972 Graecomm
1105 2905 1202 2971 etiam
1230 2904 1361 2969 navalia
1389 2904 1477 2970 fossa
1512 2922 1551 2968 ac
1583 2901 1670 2967 vallo
1704 2900 1905 2967 circumdata

272 3006 469 3073 muniuntur.
1924 3024 1952 3065 ro

1042 3266 1132 3330 viii.

357 3421 391 3487 9.
684 3417 764 3492 Ἠὼς
788 3419 840 3504 μὲν
863 3416 1066 3506 κροκόπεπλος
1089 3421 1225 3484 ἐκίδνατο
1247 3422 1346 3484 πᾶσαν
1369 3415 1417 3483 ἐπ’
1444 3416 1526 3484 αἶαν.
1853 3425 1904 3477 its

685 3522 810 3588 Aurora
832 3522 867 3587 in
889 3523 1009 3589 croceis
1031 3522 1178 3606 fulgebat
1201 3523 1289 3587 lutea
1310 3521 1407 3605 bigis.

360 3625 440 3692 Acto
463 3626 594 3691 deorum
618 3625 755 3691 concilio
771 3626 916 3711 luppiter
930 3646 987 3710 pro
1009 3632 1129 3712 †parte
1144 3625 1337 3711 pronuntiat,
1364 3645 1425 3691 sua
1439 3623 1625 3707 utquisque
1641 3621 1802 3689 exercitus
1818 3628 1903 3688 sorte

274 3728 445 3809 decernat,
478 3728 587 3793 nullus
609 3728 741 3796 deorum
767 3727 840 3794 odio
861 3728 895 3793 in
917 3729 1036 3795 alteros
1058 3729 1110 3795 vel
1141 3728 1251 3794 favore
1273 3728 1437 3814 procedat.
1484 3727 1518 3792 in
1540 3725 1632 3791 Idam
1661 3731 1802 3791 montem
1832 3723 1902 3810 ipse

275 3830 441 3912 digressus
456 3831 531 3897 inde
548 3830 689 3897 Graecos
703 3832 838 3898 inmisso
859 3837 979 3898 terrore
1001 3832 1196 3913 conterritat,
1224 3830 1309 3917 (qui)
1334 3831 1419 3917 turpi
1440 3830 1519 3915 fuga
1541 3829 1584 3895 ad
1605 3829 1805 3894 munimenta
1827 3847 1932 3894 con-⁵

275 3933 360 4018 pulsi
383 3933 471 4000 fossa
493 3941 525 3999 et
546 3934 721 4018 aggeribus
743 3954 817 4001 sese
838 3942 977 4001 tuentur.
1015 3936 1169 4000 lunonem
1191 3955 1231 4001 ac
1245 3935 1422 4001 Minervam
1438 3932 1571 4002 Graecis
1591 3932 1744 3999 auxiliari
1758 3932 1902 3998 volentes

275 4036 404 4102 monitis
426 4038 512 4103 Iovis
534 4037 595 4101 Iris
626 4045 766 4104 exterret
795 4038 1016 4124 diremptoque
1040 4039 1080 4105 ob
1103 4045 1226 4104 noctem
1251 4038 1425 4104 certamine
1447 4037 1585 4103 victores
1606 4034 1740 4102 Troiani
1767 4035 1802 4099 in
1831 4034 1901 4119 ipso

275 4140 391 4224 proelii
412 4141 482 4207 loco
505 4141 657 4207 excubias
686 4140 862 4207 obsidionis
884 4142 1056 4208 instituunt
1078 4141 1250 4225 multisque
1279 4140 1410 4225 ignibus
1439 4139 1533 4206 iactis
1561 4159 1621 4224 per
1647 4145 1748 4205 totam
1777 4144 1900 4204 noctem

274 4242 504 4309 deliberatione
527 4245 719 4310 consultant.

363 4517 390 4572 i.
429 4521 548 4569 lOliriEi
569 4520 593 4568 P
694 4521 856 4570 oruourci’
957 4521 1092 4571 inomine
1113 4522 1142 4582 P,
1166 4523 1234 4583 Vero.
1256 4523 1320 4572 Aen.
1342 4521 1446 4570 11711.
1471 4521 1544 4570 Voti.
1568 4521 1671 4569 vitos
1782 4517 1900 4568 {tuncni-

273 4620 322 4668 que
342 4605 364 4654 P
384 4606 439 4669 Um,
461 4622 507 4656 sne
525 4608 616 4669 cuique
634 4609 768 4657 demersius
789 4606 833 4668 (es.
859 4607 927 4667 Very.
949 4611 1011 4656 Aea.
1033 4609 1057 4655 Χ
1073 4612 1120 4656 111
1136 4607 1182 4670 ep.)
1307 4606 1430 4655 benedet
1447 4619 1496 4655 om.
1517 4605 1546 4666 P,
1565 4611 1620 4668 poet
1638 4606 1754 4655 Helenus
1771 4604 1831 4655 cdd.
1856 4603 1897 4664 b'p.

273 4694 345 4753 ooipo
454 4691 569 4754 tpuum
589 4695 690 4742 clausus
708 4695 788 4753 lytlus
805 4692 954 4756 etholusque
971 4694 1148 4754 dyomedeeP
1250 4693 1439 4755 Aetheoiusqne
1461 4692 1505 4752 Uo.
1610 4697 1666 4754 poet
1682 4691 1819 4741 discedunt
1833 4690 1900 4740 etde·

274 4778 449 4828 intercidisse
469 4779 582 4828 Hectoris
600 4794 655 4827 com
674 4779 847 4829 Andromacho
865 4781 982 4840 coibrpcii
999 4781 1195 4828 commemoratio

362 4859 392 4915 8.
430 4864 440 4913 1
462 4868 603 4913 orrnruoc
625 4864 648 4911 Ρ
792 4865 807 4915 1
831 4866 899 4926 rap.
921 4868 983 4914 Aen.
1008 4866 1042 4912 rr
1059 4866 1117 4915 cna.
1143 4865 1269 4914 111313.
1290 4867 1349 4915 m.
1375 4865 1438 4912 vrri
1455 4867 1502 4915 err
1653 4861 1901 4927 supparum-quer

274 4947 505 4998 idimidlcendum
524 4949 634 5018 pntisP
736 4952 815 5012 deligi
838 4951 883 5012 [ρ.
903 4952 973 5012 ccipe
1087 4950 1312 4999 btbeiemouioP
1426 4949 1613 4999 beeduoeutori
1632 4944 1705 4999 riri>
1822 4948 1899 4998 imi·

275 5035 320 5082 etis
339 5035 435 5097 Hcrtet,
457 5038 541 5085 missis
560 5036 583 5085 P
604 5037 660 5098 Hp,
680 5037 746 5086 detis
765 5038 898 5085 Accureiue
1045 5038 1144 5086 beitheo
1163 5037 1185 5084 P
1206 5036 1249 5097 d'p.
1403 5036 1419 5084 9
1438 5037 1503 5084 nelle
1522 5035 1544 5083 P
1689 5035 1837 5086 circundata
1857 5033 1896 5094 sp.

277 5119 307 5169 io
327 5122 477 5170 minuuntur
495 5122 518 5170 P

362 5205 392 5260 ii.
428 5207 443 5257 2
467 5209 535 5269 Verp.
556 5210 619 5257 Aea.
644 5209 692 5256 VII
710 5212 743 5257 26
866 5209 997 5272 dispiter
1018 5209 1061 5271 i'p.
1184 5215 1255 5272 purte
1273 5213 1415 5269 comptam
1535 5209 1685 5270 pronunciet
1707 5206 1752 5269 L'p.
1874 5213 1900 5255 nt

274 5307 321 5341 om.
346 5293 391 5354 Ua.
532 5295 656 5344 luiterus
675 5295 716 5344 nel
735 5299 819 5345 fauore
839 5295 921 5346 Pme.
943 5297 1064 5358 Aecureii,
1091 5296 1194 5344 ulterius
1211 5297 1295 5343 levore
1319 5294 1363 5355 b'p.
1505 5293 1606 5343 bunde
1623 5292 1646 5340 P
1666 5291 1724 5356 Cp„
1752 5294 1812 5343 inde
1829 5307 1869 5357 epo

275 5379 599 5442 mercenariorum.
714 5382 827 5430 immisso
848 5380 893 5441 ip.
1008 5384 1141 5430 conteritoe
1160 5381 1183 5428 P
1202 5380 1259 5441 Hp,
1280 5381 1423 5430 conterritet
1440 5381 1485 5442 qni
1503 5393 1546 5440 epo
1655 5378 1725 5428 unde
1743 5380 1833 5449 Graeci

275 5468 392 5515 oonierlti
414 5466 486 5519 ναι*
506 5470 642 5530 (conterriti
662 5469 732 5529 Pur.)
752 5470 823 5529 volgo
927 5470 1050 5531 compulsi
1072 5468 1114 5530 Ep.
1228 5470 1351 5517 btuetur
1372 5466 1418 5527 Uo.
1524 5466 1636 5514 uoieeP
1739 5465 1901 5527 'idiriropte-

276 5551 367 5611 queP
469 5552 697 5603 HrbecidicnieP
799 5553 1038 5604 ildeilberetiouem
1058 5553 1087 5614 P,
1107 5555 1139 5603 de
1157 5553 1216 5602 belli
1234 5556 1329 5604 milone
1351 5552 1397 5614 Uo.
1417 5553 1496 5614 coloe,
1520 5551 1702 5600 deliberatione
1719 5564 1765 5612 epo
1785 5550 1829 5615 (es.
1851 5549 1898 5599 tic.

278 5637 328 5699 od·
351 5639 365 5685 i
381 5639 406 5699 3,
428 5642 443 5688 9
461 5640 560 5688 consilii
578 5639 694 5702 capiendi
712 5640 867 5704 deliberatio)
