4358 6234
875 356 1103 411 PROOEMIVM.
1646 359 1801 423 XXXVII

176 581 355 645 ratissimns
384 581 502 665 quippe
531 581 595 645 iam
626 582 734 646 consul
758 581 895 646 redisset
916 581 960 646 ad
981 583 1116 666 patriam
1141 582 1288 647 uillulam
1311 603 1405 664 quam
1430 591 1522 666 [mter
1544 583 1681 665 liquerat
1702 583 1801 647 intre

175 719 307 782 gressus
338 701 389 764 his
419 700 566 765 uersibus
595 700 672 765 lusit
701 701 830 766 luciano
857 702 1035 784 (Luciliano
1059 704 1156 785 Scul.)
1184 702 1284 767 stilo’.
1335 722 1373 766 ac
1403 709 1488 768 certe
1518 702 1723 767 manifestum
1753 711 1802 768 est

176 841 215 884 cx
238 820 346 886 verbis
372 819 433 884 ‘de
456 820 622 885 liturariis'
646 828 679 886 et
700 822 794 886 tertia
816 841 900 905 qnae
923 821 1039 888 dicitur
1061 842 1217 906 persona,
1252 843 1316 906 qna
1338 823 1383 903 is,
1416 823 1471 905 qui
1495 822 1576 887 haec
1598 822 1797 907 conscripsit,

175 941 290 1020 utitur,
315 961 356 1006 ea
378 961 440 1006 non
462 942 504 1006 ab
528 941 668 1005 Ausonio
690 941 778 1026 ipso,
806 942 864 1007 sed
887 942 928 1007 ab
951 942 1015 1007 alio
1038 943 1190 1024 quodam,
1217 943 1272 1024 qui
1294 944 1427 1008 Ausonii
1450 942 1588 1008 schedas
1610 943 1798 1027 composuit,

174 1062 316 1144 profecta
331 1081 403 1127 esse
424 1063 474 1142 (of.
494 1062 522 1126 V
541 1066 593 1140 17;
614 1062 711 1126 XXII
730 1066 773 1143 ll.
806 1062 888 1127 haee
902 1063 1000 1145 igitur
1015 1063 1091 1146 quin
1108 1071 1193 1128 recte
1209 1063 1357 1129 statuerit
1370 1063 1579 1146 Brandesius,
1597 1084 1660 1129 non
1676 1063 1797 1129 dubito.

174 1189 206 1246 et
227 1182 370 1247 earmina
392 1182 551 1265 qrraedam
574 1181 615 1246 ab
631 1182 772 1246 Ausonio
793 1182 828 1247 in
851 1182 980 1248 schedis
1002 1183 1115 1248 relicta
1137 1203 1209 1249 esse
1231 1183 1371 1249 nondum
1387 1184 1532 1269 perfecta
1545 1191 1641 1268 atque
1657 1185 1801 1270 expolita

144 1311 148 1319 “
174 1301 258 1366 idem
282 1302 424 1368 ostendit
445 1301 662 1384 dittographia
684 1301 717 1364 in
741 1302 880 1366 carmine
904 1302 1119 1386 professorum
1133 1303 1247 1368 XXIII
1269 1303 1411 1369 indicata
1431 1306 1472 1388 (p.
1492 1307 1559 1386 63).
1605 1326 1679 1369 nam
1701 1312 1801 1371 tetra-

173 1421 277 1487 sticha
297 1422 357 1487 illa
380 1442 433 1486 vv.
459 1424 543 1486 5-8
567 1428 600 1487 ct
622 1425 745 1503 9-12,
779 1422 812 1487 id
843 1422 928 1505 quod
950 1443 990 1488 ex
1013 1423 1120 1488 verbis
1153 1423 1253 1508 ‘qnod
1275 1424 1326 1489 ius
1348 1424 1546 1508 pontificum'
1578 1424 1611 1489 in
1634 1426 1800 1508 utriusque

172 1543 261 1607 initio
290 1543 404 1628 positis
432 1542 647 1625 intellegitur,
681 1543 770 1608 nullo
799 1550 891 1627 paeto
914 1543 947 1608 in
970 1544 1083 1609 eodem
1107 1544 1247 1610 carmine
1270 1564 1305 1609 se
1327 1545 1476 1628 excipere
1498 1553 1655 1629 poterant.
1703 1546 1799 1609 immo

172 1664 376 1729 statuendum
400 1670 450 1729 est
472 1670 609 1748 poetam,
636 1684 706 1728 cum
730 1684 827 1728 unum
850 1664 884 1729 in
908 1665 1048 1730 carmine
1071 1663 1243 1750 pangendo
1258 1664 1509 1749 conscripsisset,
1536 1671 1649 1749 postea
1663 1667 1799 1731 altorum

172 1784 205 1849 in
235 1785 379 1866 margine
408 1783 585 1865 adiecisse,
619 1792 655 1850 ut
684 1784 746 1849 sibi
776 1785 808 1848 in
840 1784 981 1849 carmine
1012 1785 1153 1850 limando
1183 1785 1277 1849 unius
1300 1785 1474 1851 alteriusve
1496 1785 1639 1868 eligendi
1661 1784 1799 1852 facultas

173 1911 270 1969 esset.
317 1904 376 1969 sed
405 1925 600 1988 quamquam
626 1904 791 1970 adsentior
814 1903 1009 1984 Brandesio,
1042 1904 1141 1969 nolim
1165 1913 1272 1970 tamen
1294 1905 1335 1970 dc
1358 1905 1515 1990 Hesperio
1538 1905 1696 1990 cogitare,
1730 1907 1796 1990 quai,

174 2024 201 2089 si
223 2025 293 2108 ipse
316 2024 454 2091 schedas
476 2046 496 2090 a
518 2033 610 2109 patre
633 2025 763 2090 relictas
785 2024 972 2108 collegisset
993 2045 1032 2089 ac
1055 2024 1283 2108 disposuisset,
1318 2033 1403 2092 certe
1432 2046 1495 2091 non
1519 2025 1569 2090 his
1591 2026 1699 2091 verbis
1722 2046 1799 2092 usus

173 2153 274 2224 esset,
310 2146 368 2211 sed
398 2146 579 2211 accuratius
608 2152 641 2210 et
663 2144 845 2210 distinctius
868 2165 920 2210 res
942 2145 1160 2211 indicavisset.
1207 2147 1304 2211 immo
1326 2147 1389 2212 hae
1410 2146 1634 2231 inscriptiones
1657 2147 1736 2212 milri
1758 2149 1799 2212 ab

170 2266 308 2348 homine,
333 2266 388 2350 qui
411 2267 471 2331 etsi
493 2266 633 2347 quodam
656 2267 854 2348 cognationis
877 2266 928 2330 vel
953 2265 1181 2332 familiaritatis
1203 2268 1330 2332 vinculo
1353 2288 1424 2332 cum
1447 2267 1589 2333 Ausonio
1612 2268 1799 2334 coniunctus

172 2393 257 2468 erat,
284 2393 391 2451 tamen
414 2393 520 2452 aetate
543 2387 640 2470 paulo
663 2387 790 2469 longius
813 2387 971 2467 distabat,
998 2387 1159 2471 profectae
1182 2407 1255 2453 esse
1278 2387 1439 2452 videntur.
1487 2395 1520 2453 et
1542 2388 1570 2453 si
1593 2389 1795 2470 Vossianum,

170 2506 206 2570 id
238 2506 323 2587 quod
353 2506 495 2589 egregiis
525 2507 596 2572 eius
626 2507 793 2591 scripturis
824 2506 1042 2586 confirmatur,
1081 2527 1121 2572 ex
1150 2506 1238 2571 fonte
1267 2507 1438 2591 purissimo
1465 2507 1598 2573 fluxisse
1627 2508 1794 2590 contendo,

170 2633 277 2690 tamen
297 2647 498 2710 nequaquam
522 2628 745 2712 opusculorum
770 2627 968 2710 singulorum
991 2627 1025 2692 in
1047 2648 1086 2694 eo
1109 2627 1350 2712 dispositionem
1373 2633 1470 2691 totam
1493 2626 1537 2691 ad
1558 2647 1642 2707 enm,
1668 2626 1723 2710 qui
1740 2627 1799 2692 hoe

170 2767 286 2832 eorpus
301 2747 512 2829 concinnavit,
541 2748 740 2813 referendam
764 2767 836 2813 essc
859 2748 1018 2829 existimo,
1044 2748 1102 2813 sed
1125 2749 1185 2814 hoc
1207 2748 1301 2814 etiam
1326 2748 1407 2813 libro
1429 2747 1508 2813 nihil
1532 2747 1621 2813 aliud
1643 2747 1799 2814 contineri

170 2869 370 2934 consenuisi
393 2875 546 2953 excerpta
568 2888 670 2951 eaque
693 2868 726 2933 in
749 2867 880 2934 scholae
901 2868 1039 2933 alicuius
1063 2888 1154 2933 nsum
1179 2869 1336 2935 confecta.
1376 2891 1472 2952 quam
1495 2890 1561 2934 rem
1585 2869 1648 2934 iam
1673 2869 1799 2953 gravis-

170 2990 259 3054 simis
283 2989 396 3073 opinor
417 2989 616 3072 argumentis
639 2990 864 3072 comprobabo.

256 3111 303 3174 Ac
324 3108 478 3193 primum,
505 3107 591 3192 quod
613 3110 790 3194 proferam,
817 3115 1040 3193 argumentum
1062 3109 1138 3174 indc
1161 3116 1284 3194 petam,
1311 3110 1397 3191 quod
1419 3109 1453 3174 in
1475 3110 1686 3189 Ausonianis,
1712 3130 1796 3193 quae
1809 3104 1894 3185 ΣᾞὟ
1910 3106 1920 3132 ¹
1936 3106 1948 3132 ⁰
1965 3094 2006 3133 '¹¹‘

169 3229 320 3312 leguntur
348 3229 383 3293 in
406 3229 581 3312 Vossiano,
615 3250 711 3294 unum
742 3249 815 3296 esse
843 3250 971 3295 carmen
994 3229 1160 3294 ostendam
1184 3230 1324 3294 Ausonio
1347 3231 1474 3295 omnino
1496 3230 1664 3313 indignum
1687 3237 1719 3295 et
1740 3252 1798 3314 po·

169 3350 294 3415 steriori
316 3349 444 3414 demtum
468 3349 566 3414 aetati
590 3349 812 3432 tribuendum,
844 3350 917 3416 dieo
940 3370 1069 3415 carmen
1092 3348 1268 3432 decimum,
1302 3350 1475 3416 orationem
1498 3350 1634 3415 Ausonii
1657 3350 1798 3415 consulis

169 3470 316 3536 versibus
340 3469 514 3554 rhopalieis
538 3471 761 3556 conscriptam.
806 3470 890 3556 quod
913 3491 1041 3537 carmen
1064 3490 1256 3553 quamquam
1280 3490 1366 3535 nune
1387 3469 1558 3554 aPeipero
1574 3476 1606 3535 et
1621 3470 1797 3535 Braudesio

169 3591 344 3672 genuinum
375 3610 447 3656 esse
478 3597 623 3675 putatur,
658 3599 765 3658 tamen
796 3613 904 3657 eorum
934 3593 1019 3657 malo
1048 3591 1225 3656 sententiae
1252 3589 1425 3670 accedere,
1458 3591 1512 3674 qni
1534 3591 1569 3656 id
1591 3591 1632 3656 ab
1655 3591 1797 3655 Ausonio

169 3711 266 3796 plane
289 3710 564 3776 abiudicaverunt.
606 3712 727 3795 primus
750 3712 848 3795 igitur
870 3712 930 3776 hoc
952 3710 992 3776 de
1016 3711 1155 3776 carmine
1176 3711 1232 3775 illo
1255 3711 1329 3776 tulit
1349 3710 1503 3776 indicium
1520 3710 1675 3793 Scaliger,
1703 3731 1797 3793 quem

171 3831 272 3896 secuti
302 3836 415 3915 postea
444 3831 585 3896 editores
613 3831 646 3896 id
676 3852 714 3897 ex
745 3832 907 3916 opusculis
935 3831 1127 3897 Ausonianis
1156 3831 1330 3897 eiecerunt.
1378 3831 1530 3897 Heinsius
1560 3851 1631 3895 curn
1661 3831 1796 3915 primum

171 3951 251 4032 legit
273 3951 334 4015 hoc
356 3970 501 4027 carmen,
530 3971 587 4016 suo
610 3971 697 4017 more
720 3951 754 4016 id
776 3951 947 4017 emendare
970 3959 1103 4017 conatus
1125 3955 1239 4035 est³²),
1266 3952 1325 4017 scd
1348 3973 1410 4035 quo
1433 3953 1539 4017 minus
1560 3958 1659 4016 totum
1683 3950 1796 4016 eodem

48 4136 54 4153 ,
169 4071 262 4135 modo
284 4078 447 4152 tractaret,
475 4071 645 4137 deterritus
668 4091 739 4137 esse
762 4071 889 4137 ridetur
909 4073 1052 4151 immani,
1079 4093 1162 4154 (puae
1181 4093 1244 4138 non
1263 4072 1376 4157 paucis
1392 4073 1470 4138 locis
1485 4072 1518 4136 in
1534 4092 1572 4138 eo
1588 4071 1792 4156 conspicitur,

169 4192 329 4257 barbarie.
375 4190 460 4257 adde
483 4192 569 4274 quod
594 4193 631 4256 L.
657 4193 832 4257 Muellerus
854 4193 895 4258 de
918 4212 952 4257 re
975 4200 1066 4258 metr.
1092 4215 1124 4278 p.
1150 4196 1212 4256 462
1236 4214 1365 4259 carmen
1387 4192 1470 4258 illud
1500 4192 1629 4258 foedum
1660 4198 1692 4257 et
1722 4193 1797 4256 bar-

170 4313 280 4377 barum
311 4312 417 4378 dicere
447 4333 509 4377 nou
539 4312 709 4377 dubitavit.
757 4320 789 4377 et
815 4312 972 4397 profecto,
1006 4312 1067 4378 etsi
1090 4313 1226 4379 fortasse
1249 4312 1416 4398 eontigerit
1438 4311 1571 4377 feliciori
1594 4312 1723 4378 cuidam
1747 4312 1797 4376 in-

173 4432 268 4515 genio
291 4433 373 4499 tales
396 4433 595 4518 corruptelas
617 4452 742 4512 sanare,
770 4433 883 4516 quales
904 4433 1013 4498 insunt
1035 4433 1067 4497 in
1090 4453 1143 4497 rr.
1170 4437 1210 4498 33
1234 4442 1266 4498 et
1289 4435 1341 4516 34,
1367 4442 1475 4498 tamen
1497 4453 1560 4497 non
1582 4434 1746 4516 absterget
1767 4433 1796 4497 is

168 4553 279 4619 sordes
309 4554 384 4618 illas
413 4561 509 4636 atque
539 4553 701 4635 illuviem,
734 4573 816 4636 quae
846 4560 932 4618 certe
961 4574 1025 4619 non
1052 4553 1251 4619 extrinsecus
1273 4553 1401 4632 illatae,
1436 4552 1495 4619 sed
1517 4553 1645 4618 omnino
1667 4553 1796 4617 nativae

168 4680 250 4739 sunt.
298 4674 471 4739 nonenim
496 4674 599 4758 loqui,
634 4675 692 4739 sed
714 4674 873 4738 balbutire
896 4674 1024 4739 videtur
1045 4680 1141 4760 poeta
1163 4675 1195 4738 in
1218 4675 1279 4739 hoc
1301 4674 1459 4756 carmine,
1493 4674 1520 4738 si
1545 4672 1638 4738 modo
1660 4673 1715 4754 qni
1737 4672 1794 4737 tali

167 4801 295 4859 ornetur
322 4794 450 4859 nomine
480 4815 552 4859 eum
582 4795 714 4878 dignum
742 4813 813 4859 esse
845 4813 970 4859 censes.
1017 4802 1113 4877 atque
1144 4801 1180 4858 ut
1209 4795 1381 4860 concedam
1413 4793 1553 4858 dandum
1577 4812 1649 4858 csse
1671 4793 1795 4875 aliquid

167 4914 358 4980 artificiosae
388 4915 538 4980 carminis
567 4915 826 4995 conformationi,
859 4922 967 4979 tamen
996 4921 1087 4980 tanta
1116 4914 1149 4978 in
1172 4934 1210 4979 eo
1233 4920 1283 4978 est
1304 4914 1498 4994 obscuritas,
1532 4921 1597 4978 tam
1619 4912 1793 4977 absurdum

166 5055 205 5099 ac
227 5041 401 5099 contortum
425 5034 553 5100 dicendi
576 5054 689 5117 genus,
715 5041 792 5099 uta
815 5034 954 5119 simplici
977 5035 1034 5099 illa
1057 5042 1089 5100 et
1111 5034 1222 5114 nitida,
1248 5054 1312 5117 qua
1334 5033 1433 5098 utitur
1455 5034 1625 5107 Ausonius,
1652 5032 1794 5098 oratione

167 5154 280 5218 mirum
311 5161 463 5235 quantum
495 5154 676 5219 abhorreat.
723 5154 861 5237 denique
892 5161 926 5219 ut
955 5155 1050 5219 fuerit
1071 5155 1234 5219 Ausonius
1257 5155 1480 5220 vocabulorum
1505 5161 1653 5234 novator,
1686 5160 1793 5218 tamen

167 5275 200 5340 in
229 5277 288 5340 hoc
320 5275 479 5356 camnine,
513 5275 574 5340 etsi
603 5295 686 5358 quae
717 5282 765 5341 est
795 5276 864 5340 eius
894 5276 1080 5360 compositio
1111 5276 1248 5358 quodam
1279 5275 1373 5340 modo
1399 5276 1442 5341 ad
1466 5274 1622 5340 vocabula
1644 5274 1794 5340 novanda

167 5403 261 5479 poeta
293 5396 542 5480 provocabatur,
579 5394 679 5459 nimia
712 5395 904 5479 conspicitur
936 5396 969 5460 in
999 5415 1039 5460 ea
1067 5416 1101 5461 rc
1133 5395 1276 5461 sollertia
1306 5400 1403 5478 atque
1432 5396 1514 5461 adeo
1541 5394 1722 5477 temeritas,
1760 5402 1794 5459 ut

252 5654 294 5716 32)
314 5659 339 5708 tn
359 5658 496 5724 exemplari
514 5657 632 5708 editionis
653 5656 836 5718 langdunensis.
859 5660 932 5709 ouius
951 5671 1026 5724 snpra
1046 5659 1199 5707 mentionem
1219 5658 1281 5719 l'eci3
1302 5659 1333 5710 cf.
1355 5657 1413 5707 adn.
1435 5658 1461 5707 9.
