4358 6234
866 335 1094 391 PROOEMIVII.
1651 338 1793 402 XXXIX

168 560 263 643 quod,
290 567 325 626 ut
346 559 537 637 Quintiliani
558 567 629 625 utar
651 560 775 642 verbis,
800 560 909 645 pueris
931 560 1014 626 nolis
1035 560 1299 644 interpretari³⁴),
1325 559 1371 625 ita
1393 566 1429 625 ut
1450 560 1496 639 is,
1521 559 1576 643 qui
1598 559 1659 625 hoc
1680 580 1796 645 corpus

168 679 314 761 confecit,
341 680 448 764 legem
470 680 570 760 illam,
597 700 663 762 qua
685 699 843 746 summam
864 700 964 764 puero
987 680 1098 747 deberi
1120 681 1333 747 reverentiam
1355 679 1519 760 statuitur,
1546 679 1718 764 diligenter
1739 681 1797 746 ob-

169 820 318 866 servasse
341 800 503 882 sideatur,
530 799 592 866 etsi
613 800 647 865 in
669 800 866 865 Ausonianis
888 800 977 865 haud
1000 820 1104 884 pauca
1126 808 1216 881 sunt,
1243 820 1327 884 quae
1350 799 1426 865 huic
1447 799 1513 884 legi
1536 820 1633 883 quam
1656 799 1797 865 maxime

167 920 395 1003 adversentur,
426 920 531 1005 priore
561 918 707 985 codicum
733 939 851 1003 genere
874 920 966 986 nobis
988 920 1116 986 tradita.
1165 926 1293 1004 reputes
1315 940 1408 1004 porro
1433 920 1546 986 deesse
1568 921 1602 985 in
1625 920 1792 999 Vossiano,

168 1041 197 1106 si
223 1060 328 1125 pauca
358 1040 517 1124 quaedam
548 1040 647 1105 verba
676 1039 838 1124 excipias,
873 1040 1000 1105 Graeca
1021 1040 1143 1105 omnia:
1185 1059 1344 1122 quaeres
1366 1059 1430 1104 uon
1451 1045 1517 1105 tam
1541 1040 1631 1105 casui
1654 1039 1794 1120 cuidam,

169 1161 227 1227 sed
256 1160 391 1226 consilio
418 1160 588 1227 tribuenda
618 1180 691 1225 esse
720 1158 858 1232 videtur.
906 1159 987 1226 haec
1016 1166 1207 1243 argumenta
1236 1159 1265 1224 si
1295 1159 1359 1224 ianr
1387 1159 1422 1225 iu
1452 1181 1550 1225 unum
1580 1160 1716 1227 collecta
1739 1160 1798 1226 tibi

169 1280 388 1365 proposueris,
422 1300 528 1345 nonne
558 1299 681 1346 mecum
710 1279 891 1345 consenties
921 1286 1080 1345 statuente
1109 1300 1171 1345 nou
1200 1279 1283 1359 tale,
1317 1279 1402 1363 quod
1425 1279 1488 1345 sibi
1511 1286 1616 1345 mente
1638 1280 1798 1345 linxerunt

170 1400 316 1466 homines
339 1399 440 1479 docti,
468 1420 583 1486 corpus
604 1399 713 1465 inesse
735 1399 769 1464 in
791 1399 959 1477 Vossiano,
987 1398 1056 1479 sed,
1082 1398 1115 1464 id
1138 1398 1310 1482 quodiam
1333 1407 1407 1465 autc
1430 1400 1515 1479 dixi,
1541 1399 1733 1483 florilegium
1756 1421 1797 1466 ex

169 1520 332 1606 opusculis
353 1520 549 1586 Ausonianis
578 1521 611 1585 in
641 1520 771 1585 scholae
801 1518 940 1584 alicuius
969 1538 1063 1584 usum
1093 1518 1327 1584 concinnatum.
1374 1540 1438 1602 qna
1468 1540 1503 1585 re
1533 1526 1618 1586 certe
1646 1540 1709 1586 nou
1736 1519 1797 1585 im-

169 1640 327 1726 pedimur,
354 1661 417 1723 quo
439 1640 545 1705 minus
567 1647 716 1723 putemus
739 1660 822 1720 eum,
849 1640 904 1723 qui
927 1639 988 1704 hoo
1009 1637 1200 1722 florilegium
1224 1638 1371 1720 coniecit,
1398 1638 1517 1724 optimo
1536 1640 1654 1722 codice,
1681 1661 1798 1725 aquo-

171 1761 245 1827 dam
274 1768 412 1844 cognato
443 1761 494 1825 vel
524 1759 701 1846 propinquo
724 1759 859 1825 Ausonii
890 1759 1086 1842 conscripto,
1120 1778 1212 1824 usunr
1243 1780 1281 1825 ac
1308 1760 1496 1844 plerumque
1518 1760 1615 1826 etiam
1639 1761 1793 1842 ordinem,

170 1901 233 1965 quo
255 1880 384 1964 singula
406 1880 563 1965 opuscula
583 1879 617 1945 in
640 1879 751 1946 codice
773 1877 830 1944 illo
852 1879 1010 1964 disposita
1032 1886 1131 1960 eraut,
1159 1885 1304 1945 secutum
1327 1899 1410 1961 esse,
1436 1880 1482 1947 ita
1504 1887 1620 1961 tamen,
1648 1887 1684 1946 ut
1698 1901 1799 1963 quae-

171 2000 246 2066 dam
268 2000 302 2065 in
324 2000 385 2065 hac
407 2020 442 2065 re
464 1999 648 2066 immutaret
669 2006 765 2084 atque
787 1999 861 2064 aliis
884 1998 1080 2065 carminibus
1102 1999 1245 2080 omissis,
1279 1999 1355 2066 aliIs
1382 2001 1586 2085 transpositis
1608 2002 1719 2066 turbas
1741 2022 1798 2068 ex-

171 2120 294 2187 citaret.
341 2140 401 2186 nec
423 2119 529 2202 video,
555 2119 767 2202 quidobstet,
794 2119 965 2202 quominus
986 2119 1021 2184 in
1043 2119 1236 2186 monasterio
1257 2120 1325 2202 illo,
1351 2121 1437 2205 quod
1459 2120 1492 2186 in
1507 2121 1671 2186 Barbarae
1692 2120 1800 2187 insula

171 2239 305 2306 Carolus
327 2240 465 2324 Magnus
487 2239 684 2319 condiderat,
711 2237 912 2321 florilegium,
940 2239 1028 2323 quod
1050 2240 1319 2324 complectebatur
1341 2247 1492 2326 excerpta
1513 2260 1553 2305 ex
1575 2241 1718 2306 Ausonio
1739 2240 1799 2307 ad-

171 2360 262 2427 iectis
285 2359 381 2426 simul
403 2359 594 2443 quibusdam
618 2359 805 2444 Symmachi
827 2359 1018 2444 Pauliuique
1041 2359 1189 2443 epistulis
1212 2368 1244 2425 et
1265 2333 1461 2426 carminibus
1479 2361 1616 2439 Paulini,
1643 2360 1796 2442 Petronii,

172 2478 343 2545 Claudiani
358 2480 556 2563 aliorumque
572 2478 752 2546 confectum
768 2499 840 2546 esse
856 2488 1014 2565 putemus,
1035 2500 1097 2564 quo
1113 2480 1254 2559 scholae,
1273 2501 1356 2563 quac
1371 2479 1416 2546 ibi
1432 2479 1575 2562 florebat,
1599 2480 1751 2565 discipuli
1759 2483 1796 2561 ³⁵)

173 2607 346 2666 uterentur.
393 2620 477 2684 quae
511 2607 619 2666 autem
652 2599 686 2665 in
714 2599 864 2666 Vossiani
896 2598 1159 2683 quaternionibus
1192 2620 1276 2665 nunc
1310 2600 1486 2686 deperditis
1516 2601 1638 2686 scripta
1667 2601 1795 2682 fueriut,

172 2740 248 2785 uum
271 2720 351 2786 forte
373 2719 499 2786 Sidonii
521 2719 719 2804 Apollinaris
741 2719 910 2802 quaedam,
938 2741 1032 2804 quem
1056 2727 1091 2786 ut
1112 2720 1290 2786 Ausonium
1313 2720 1396 2786 iuter
1417 2728 1529 2805 poetas
1551 2720 1665 2787 Gallos
1686 2719 1800 2788 merito

174 2860 296 2906 summo
319 2860 414 2925 opere
437 2840 585 2906 colebant
607 2839 678 2906 eius
700 2840 817 2906 aetatis
840 2840 994 2922 homines,
1021 2840 1086 2906 iam
1109 2840 1185 2906 altis
1207 2840 1238 2906 ei
1260 2841 1307 2907 rei
1329 2840 1469 2907 tenebris
1491 2842 1604 2907 offusis
1626 2862 1684 2908 nos
1707 2842 1796 2908 latet.

258 2960 395 3026 Carmen
429 2980 504 3026 vero
531 2950 615 3025 illud
644 2960 841 3045 rhopalicum
872 2968 928 3026 aut
955 2961 1021 3025 iam
1051 2968 1148 3027 autea
1175 2961 1209 3026 in
1238 2961 1395 3045 opuscula
1423 2961 1610 3028 Ausoniana
1639 2971 1799 3048 receptum

174 3088 244 3147 erat
264 3087 320 3146 aut
342 3081 481 3162 demum,
508 3100 580 3146 cum
602 3079 794 3164 florilegium
816 3079 899 3146 illud
922 3081 1172 3161 concinnaretur,
1200 3080 1361 3147 adiectum
1384 3088 1443 3147 est.
1483 3101 1522 3147 ac
1544 3089 1629 3148 certe
1645 3103 1707 3147 non
1723 3102 1800 3147 casu

175 3200 292 3266 iactum
316 3207 382 3280 est,
409 3208 444 3265 ut
465 3201 499 3267 id
522 3221 665 3282 carmen,
692 3200 779 3284 quod
801 3207 834 3267 et
855 3200 960 3285 ipsum
983 3201 1137 3285 paschale
1160 3206 1218 3280 est,
1246 3208 1320 3285 post
1340 3200 1461 3266 Versus
1484 3201 1655 3286 paschales
1676 3202 1801 3268 insere·

175 3328 273 3386 retur.
321 3340 425 3404 neque
447 3321 598 3387 abhorret
617 3342 639 3386 a
660 3322 727 3386 veri
751 3321 859 3407 specie
882 3340 965 3401 eum,
993 3321 1048 3402 qui
1070 3321 1131 3385 hoc
1153 3339 1282 3385 carmen
1300 3319 1451 3399 condidit,
1479 3340 1674 3405 quamquam
1689 3329 1802 3406 aperta

173 3439 361 3507 imitationis
383 3461 446 3506 nou
468 3440 579 3507 ineunt
599 3440 748 3524 vestigia,
774 3440 909 3506 Ausonii
931 3447 1089 3526 poemate,
1116 3447 1151 3505 ut
1173 3439 1255 3505 illud
1277 3447 1489 3525 componeret,
1516 3440 1690 3507 excitatum
1714 3460 1798 3506 esse.

173 3560 333 3644 quomodo
355 3567 463 3626 autem
485 3561 605 3628 facturn
628 3561 684 3641 sit,
720 3568 755 3626 ut
777 3581 905 3628 carmen
927 3561 1011 3625 inter
1032 3559 1218 3625 Ausoniaua
1240 3560 1452 3644 reciperetur,
1487 3558 1582 3626 facile
1608 3560 1796 3645 explicetur,

175 3681 203 3746 si
232 3687 411 3746 statuamus
439 3679 476 3744 id
504 3681 545 3745 ab
568 3681 709 3746 Ausonio
738 3680 876 3763 quodam
902 3679 1111 3764 compositum
1135 3698 1218 3745 esse.
1267 3688 1300 3747 et
1322 3687 1585 3747 commemoretur
1606 3681 1639 3746 in
1661 3680 1803 3765 epletula

176 3799 292 3866 Hilarii
314 3819 419 3885 papae
446 3798 498 3881 (X,
525 3799 576 3865 ed.
603 3800 711 3865 Thiel.
736 3801 844 3883 1148)
872 3821 902 3865 a.
929 3817 1113 3866 ccccuxrrn
1135 3798 1178 3865 ad
1201 3800 1367 3885 episcopos
1390 3801 1572 3885 provinciae
1595 3799 1799 3882 Viennensis,

177 3919 419 4003 Lugdunensis,
451 3918 672 3985 Narbonensis
700 3920 822 4005 primae
853 3927 886 3986 et
914 3920 1092 3999 secundae,
1130 3920 1268 4005 Alpinae
1299 3921 1399 3986 missa
1427 3921 1590 3987 Ausonius
1617 3920 1798 4005 episcopus,

176 4061 270 4122 quern
300 4047 451 4126 nepotem
473 4039 607 4105 Ausonii
628 4040 754 4126 nepotis
781 4040 882 4106 fuisse
905 4041 992 4106 haud
1015 4041 1123 4126 inepte
1146 4041 1327 4125 suspicatus
1350 4048 1399 4107 est
1420 4041 1573 4126 Peiperus
1596 4043 1670 4105 319.
1717 4046 1803 4106 certe

178 4159 252 4225 huic
272 4160 371 4226 aetati
394 4160 515 4243 talique
538 4160 660 4225 homini
682 4160 788 4241 magis
812 4161 960 4227 convenit
982 4180 1110 4226 carmen
1131 4160 1213 4226 illud
1228 4160 1391 4227 inficetum
1405 4182 1501 4244 quam
1518 4161 1659 4226 Ausonio
1672 4170 1799 4246 poetae.

266 4279 331 4346 Sed
353 4281 419 4345 iam
434 4280 591 4345 Vossiano
613 4281 710 4345 misso
732 4279 776 4345 ad
798 4300 881 4364 eum,
907 4281 961 4364 qui
984 4281 1017 4346 in
1039 4282 1100 4346 hoc
1120 4300 1240 4365 genere
1255 4281 1430 4347 secundum
1445 4287 1518 4365 post
1532 4281 1725 4347 Vossianum
1740 4280 1803 4346 sibi
1816 4263 1994 4363 ffipppunm

178 4399 320 4465 uindicat
340 4399 461 4480 locum,
496 4399 612 4464 librum
635 4398 818 4481 veniamus,
852 4400 923 4466 dico
947 4401 1281 4481 Parisinum8500,
1309 4403 1456 4482 membr,
1483 4401 1604 4467 formae
1628 4401 1798 4482 maximae,

180 4519 247 4584 foll.
270 4525 340 4600 105,
368 4519 497 4585 saeculo
516 4519 614 4583 XIIII
637 4526 814 4586 exaratum.
862 4521 1062 4586 eontinentur
1083 4521 1143 4586 hoc
1165 4520 1285 4600 codice,
1312 4540 1408 4603 quem
1430 4522 1611 4588 accuratius
1633 4521 1804 4606 descripsit

178 4639 331 4723 Peiperus
354 4643 411 4703 221
432 4659 522 4723 sqq.,
556 4646 683 4724 praeter
705 4640 784 4705 alia:
820 4640 842 4704 f.
873 4644 923 4703 ltr
945 4641 1091 4726 Epistola
1113 4641 1204 4706 Decii
1228 4640 1339 4723 Magni
1361 4641 1496 4706 Ausonii
1519 4641 1561 4706 ad
1584 4640 1802 4725 Drepaunium

178 4759 400 4843 proconsulem
429 4759 470 4825 de
493 4758 571 4825 ludo
595 4766 717 4844 septem
741 4759 921 4845 sapientum
949 4760 1052 4843 (XX),
1090 4766 1141 4825 lbr
1161 4761 1336 4826 Periochae
1363 4763 1412 4844 (Α.
1439 4762 1464 4845 I]
1492 4762 1582 4827 nulla
1604 4762 1731 4826 omniuo
1753 4761 1804 4825 iu-

179 4879 349 4963 sorIptione
379 4879 523 4961 adiecta,
558 4883 613 4943 20v
637 4880 763 4945 Paulini
793 4879 836 4944 ad
858 4880 1035 4945 Ausonium
1065 4880 1240 4964 epistulae,
1272 4883 1327 4944 22*
1350 4880 1442 4946 Decii
1465 4881 1576 4965 Magni
1599 4880 1730 4945 Ausonii
1761 4879 1803 4945 ad

179 4999 347 5065 Paulinum
371 4999 530 5084 epistulae
553 4999 676 5079 XXIII,
704 5000 805 5079 XXV,
833 5000 972 5078 XXIIII,
1001 5003 1053 5062 24¹
1075 4999 1259 5084 Symmachi
1282 5000 1325 5066 ad
1347 5001 1524 5067 Ausonium
1547 5000 1686 5086 epistula
1709 5001 1723 5064 1
1747 5004 1798 5080 31,

266 5278 306 5341 34)
329 5293 385 5327 uam
409 5279 475 5327 Illud
493 5281 520 5327 lu
538 5280 676 5328 adulteram
695 5279 863 5340 epigramma,
889 5278 944 5326 dlco
964 5292 1073 5338 nouum,
1098 5293 1146 5327 nou
1165 5281 1222 5328 etus
1240 5280 1305 5328 modi
1324 5286 1377 5340 est,
1405 5286 1434 5328 ut
1452 5280 1476 5327 ld
1494 5281 1580 5341 pueris
1598 5294 1733 5344 proponere
1752 5294 1804 5327 ma·

179 5365 252 5426 gistri
270 5365 400 5413 christiani
418 5367 656 5414 verecundarentur.
688 5369 755 5412 certe
773 5378 806 5412 ue
824 5366 851 5411 irs
870 5365 979 5413 editione
998 5366 1110 5426 quidem,
1131 5380 1194 5428 quae
1213 5368 1237 5414 tu
1257 5366 1379 5427 Delphini
1398 5380 1472 5413 ursum
1490 5372 1576 5429 parata
1594 5373 1642 5427 est,
1662 5367 1686 5414 id
1705 5380 1803 5414 carmen

179 5451 207 5500 iu
224 5449 388 5513 appendicem
407 5452 544 5512 relegatum
563 5451 685 5499 videmus.

266 5536 308 5599 ³5)
329 5549 479 5599 quamquam
499 5551 548 5585 nou
566 5540 589 5585 is
606 5551 672 5600 sum,
692 5539 736 5599 qui
757 5551 845 5596 negem
865 5538 909 5585 hoc
928 5537 1075 5597 florilegium
1095 5543 1153 5586 aute
1172 5538 1197 5585 ld
1216 5543 1316 5600 tempus
1335 5539 1479 5587 concinnari
1497 5540 1620 5599 potuisse.
1652 5553 1680 5586 ac
1699 5540 1804 5589 lenense

177 5623 244 5673 thee
262 5625 313 5672 lem
331 5624 430 5670 saeculo
448 5625 536 5683 quluto
555 5623 592 5669 rel
611 5631 682 5670 sexto
701 5625 727 5670 lu
746 5623 844 5669 scholae
863 5623 971 5669 alieuius
991 5622 1138 5670 cathedralis
1157 5626 1196 5672 rel
1216 5624 1396 5672 monasterialis
1415 5639 1489 5672 rrsrrm
1508 5627 1649 5673 conlectum
1668 5632 1729 5674 erat.
