4358 6234
836 311 1048 367 EPISTVLAE
1068 311 1260 376 (Vllll-Xll.

571 499 680 565 dulcia
703 500 819 567 secreti
841 506 1027 586 repetantur
1048 508 1083 567 ut
1105 501 1171 567 otia
1192 501 1292 584 ruris,

657 604 753 687 nugis
775 603 880 670 amica
901 623 939 670 ae
962 603 1073 686 seriis,

571 713 715 793 tempora
737 707 891 793 disponas
914 707 969 774 uhi
990 715 1025 774 tu
1046 717 1104 774 tua
1124 710 1240 793 iusque
1262 715 1350 774 tuum
1374 707 1430 788 sit,

658 817 693 877 ut
715 812 760 877 nil
784 831 865 894 agas
888 812 940 878 vel
964 812 1049 894 quod
1071 813 1175 878 voles.

487 934 517 975 ss
572 914 615 981 ad
637 935 721 998 quae
743 915 771 978 si
794 934 965 999 properas,
990 921 1058 980 tota
1081 935 1152 980 eum
1175 936 1281 981 merce
1303 922 1429 980 tuarum

659 1018 733 1083 veni
756 1037 959 1083 camenarum
982 1018 1074 1084 citus.

572 1121 748 1206 dactylicos
771 1121 898 1204 elegos,
925 1121 1143 1187 choriambum
1167 1141 1312 1205 carmen,
1339 1121 1476 1206 epodos,

659 1223 744 1289 soeei
765 1228 798 1288 et
820 1223 968 1288 cothurni
990 1224 1147 1289 musicam

552 1327 733 1412 'carpentis
757 1326 885 1412 impone
907 1327 985 1391 tuis:
1013 1347 1087 1392 nam
1111 1334 1179 1392 tota
1202 1328 1348 1413 supellex

489 1450 519 1490 ro
659 1436 766 1495 vatum
789 1430 914 1513 piorum
938 1429 1069 1495 chartea
1092 1438 1152 1497 est.

573 1533 738 1598 nobiseum
761 1532 909 1599 invenies
931 1535 1126 1614 κατεναντία,
1153 1535 1181 1600 si
1204 1535 1285 1600 libet
1307 1535 1352 1600 uti

659 1657 723 1700 non
745 1637 869 1722 erpoino,
898 1636 957 1702 sed
980 1636 1106 1701 Graeca
1128 1637 1202 1702 fido.

736 1981 795 2045 XI.
821 1977 1091 2046 RESCRIPTVM
1113 1981 1253 2047 PAVLO
1277 1982 1370 2048 SVO.

328 2156 446 2221 Versus
475 2175 564 2220 meos
593 2154 663 2220 utili
691 2161 724 2219 et
752 2153 879 2218 conscio
910 2153 973 2218 sibi
1003 2153 1125 2238 pudore
1155 2154 1275 2220 celatos
1305 2154 1445 2220 carmine
1472 2162 1527 2221 tuo
1550 2163 1582 2221 et
1604 2175 1749 2221 sermone
1771 2173 1867 2239 prae·
1884 2163 1936 2212 40⁰

240 2258 349 2324 missis
371 2258 447 2323 dum
469 2264 566 2343 putas
589 2257 672 2340 elici,
698 2256 894 2342 repressisti.
934 2278 1008 2322 nam
1033 2258 1088 2340 qui
1110 2258 1181 2342 ipse
1197 2257 1355 2323 facundus
1371 2266 1404 2324 ct
1417 2259 1559 2325 musicus
1575 2259 1725 2325 editionis
1740 2257 1866 2323 alienae
1886 2235 1927 2293 ιω)

240 2363 396 2445 prolectat
428 2361 614 2443 audaciam,
653 2361 786 2425 consilio
820 2380 882 2442 quo
916 2360 1033 2425 suadet
1061 2367 1209 2427 exterret.
1264 2368 1354 2445 tegat
1382 2368 1506 2447 oportet
1533 2363 1660 2427 auditor
1690 2361 1867 2427 doctrinam

240 2485 348 2545 suam,
382 2465 436 2549 qui
460 2465 546 2529 volet
569 2464 611 2529 ad
634 2463 804 2529 dicendum
828 2463 1001 2529 sollicitare
1024 2464 1237 2548 trepidantem
1261 2485 1321 2530 neo
1344 2465 1478 2531 emerita
1499 2466 1670 2531 adversum
1692 2463 1868 2529 tirunculos

209 2589 331 2634 sarma
363 2568 524 2634 concutiat
555 2576 707 2633 veterana
739 2567 912 2632 calliditas.
966 2567 1067 2633 sensit
1098 2568 1156 2633 hoe
1186 2569 1294 2633 Venus
1326 2568 1367 2633 de
1396 2569 1644 2654 pulchritudiuis
1674 2568 1783 2652 palma
1813 2566 1868 2632 diu

240 2671 390 2755 ambiguo
421 2671 577 2756 ampliata
610 2671 739 2736 iudicio.
800 2670 959 2755 pudenter
991 2670 1075 2735 enim
1111 2678 1145 2735 ut
1178 2671 1266 2756 apud
1300 2678 1424 2755 patrem
1459 2673 1567 2738 velata
1600 2678 1779 2737 certaverat
1811 2689 1870 2736 nec

241 2774 424 2842 deterrebat
444 2775 591 2839 aemulas
614 2781 744 2838 ornatus
768 2774 924 2856 aequalis.
974 2780 1008 2838 at
1030 2781 1200 2858 postquam
1223 2774 1256 2838 in
1279 2775 1419 2859 pastoris
1440 2795 1576 2840 examen
1599 2774 1739 2840 deducta
1760 2781 1808 2838 est
1828 2773 1869 2837 lis

240 2876 384 2957 dearum,
409 2877 516 2959 qualis
540 2882 714 2941 emerserat
737 2874 815 2940 mari
839 2882 896 2940 aut
919 2896 989 2940 eum
1014 2876 1114 2941 Marte
1137 2884 1341 2960 convenerat,
1368 2884 1400 2942 et
1422 2878 1640 2944 consternavit
1660 2878 1815 2942 arbitrum
1837 2881 1870 2941 et

241 2979 499 3046 contendentium
530 2986 689 3044 certamen
720 2979 889 3064 oppressit.
937 2999 1012 3062 ergo
1042 2980 1103 3044 nisi
1134 2980 1264 3045 Delirus
1292 2988 1366 3045 tuus
1395 2981 1428 3045 in
1458 3002 1492 3047 re
1521 2981 1610 3046 tenui
1639 3002 1703 3046 uon
1732 2980 1870 3045 tenuiter

194 3104 223 3144 ro
243 3083 408 3148 laboratus
434 3083 591 3168 opuscula
613 3103 695 3165 mea,
723 3103 806 3166 quae
828 3083 930 3166 promi
955 3081 1136 3155 studueras,
1162 3082 1369 3167 retardasset,
1394 3083 1581 3149 iamdudum
1605 3104 1665 3167 ego
1689 3090 1724 3148 ut
1745 3083 1870 3167 palmes

240 3185 394 3251 audacior
420 3185 453 3251 in
477 3186 629 3251 hibernas
652 3186 758 3251 adhuc
779 3205 876 3250 auras
898 3185 1073 3270 improbum
1098 3206 1229 3268 germen
1250 3187 1401 3269 egissem,
1430 3187 1607 3272 periculum
1629 3186 1738 3252 iudicii
1761 3185 1870 3269 gravis

239 3289 421 3354 inconsulta
451 3288 656 3355 festinatione
687 3289 860 3354 subiturus.
910 3289 1048 3371 denique
1071 3288 1242 3372 Bisonum‚
1276 3311 1370 3374 quern
1399 3290 1545 3370 †tolleno
1569 3289 1602 3353 iu
1625 3289 1775 3355 existimo
1798 3309 1871 3373 pro-

240 3391 311 3476 prie
340 3413 361 3457 a
391 3390 564 3476 philologis
592 3393 808 3476 appellatum,
841 3391 977 3473 addere,
1012 3398 1047 3455 ut
1073 3391 1223 3471 iubebas,
1257 3392 1378 3458 recenti
1405 3412 1553 3458 versuum
1583 3400 1707 3458 tuorum
1735 3393 1871 3457 lectione

238 3514 300 3560 non
332 3515 447 3575 ausus,
481 3516 536 3575 ea,
570 3515 654 3576 quae
685 3495 743 3560 tibi
772 3495 836 3560 iam
867 3495 984 3560 cursim
1012 3496 1140 3562 fuerant
1168 3496 1318 3576 recitata,
1353 3496 1526 3562 transmisi.
1575 3496 1692 3561 etenim
1724 3495 1784 3559 hoe
1812 3516 1871 3579 po-

189 3620 220 3661 ra
241 3598 372 3684 poscisti
396 3605 493 3680 atque
515 3597 550 3662 id
572 3618 632 3681 ego
656 3598 772 3677 malui,
806 3605 840 3663 tu
864 3606 897 3663 ut
920 3604 976 3662 tua
998 3599 1093 3684 eulpa
1115 3599 1158 3664 ad
1180 3598 1318 3664 eundem
1341 3598 1482 3683 lapidem
1506 3598 1556 3664 bis
1580 3596 1776 3679 offenderes,
1810 3617 1871 3679 ego

239 3707 346 3767 autem
378 3719 601 3784 quaecumque
625 3700 752 3766 fortuna
775 3707 861 3766 esset
883 3701 984 3767 semel
1007 3702 1241 3768 erubescerem.
1288 3701 1377 3785 vide,
1403 3701 1446 3767 mi
1471 3702 1581 3782 Paule,
1608 3721 1704 3784 quam
1727 3700 1870 3785 ineptum

242 3878 393 3885 .--..---
418 3880 450 3884 .-

327 3979 360 4027 35
373 3994 410 4040 aq.
433 3980 490 4028 lior.
507 3980 590 4030 Germ.
606 3981 657 4028 llll
674 3979 713 4038 12,
730 3978 758 4028 21
773 3994 810 4041 aq.
830 3979 944 4041 adquae
963 3983 984 4029 al
1003 3994 1121 4043 properas
1139 3982 1238 4042 gandia,
1260 3995 1316 4028 cum
1335 3986 1378 4028 tua
1397 3983 1467 4029 velox
1486 3995 1567 4029 meree
1586 3981 1643 4027 vem
1758 3978 1791 4027 38
1810 3979 1869 4028 lior.

238 4066 322 4127 Epist.
344 4066 369 4112 ll
389 4064 414 4125 3,
435 4066 468 4114 8⁰
490 4067 558 4114 hunc
580 4068 645 4114 socci
670 4078 757 4128 cepere
781 4066 870 4127 pedem
893 4066 1048 4128 grandesque
1072 4067 1187 4114 cothurni
1324 4067 1358 4116 42
1378 4067 1460 4115 Plaut.
1480 4068 1552 4115 Asiu.
1573 4066 1584 4113 l
1604 4068 1628 4126 3,
1650 4064 1681 4113 il
1703 4064 1771 4128 (199)
1791 4075 1872 4114 catera

238 4165 302 4213 qnae
319 4148 383 4218 (noa)
401 4152 518 4201 volumus
537 4155 575 4202 uti
595 4152 689 4200 Graeca
707 4166 845 4200 mercamur
864 4153 911 4200 ilde

327 4237 373 4285 xl.
411 4237 426 4286 3
447 4238 500 4287 sul.
521 4239 602 4299 Apoll.
625 4237 714 4285 lililll
737 4236 760 4298 1,
778 4236 805 4285 ii
827 4238 919 4286 suades
937 4240 1054 4298 scrihere,
1075 4240 1120 4287 aad
1138 4239 1200 4285 lacis
1219 4244 1301 4287 tacere
1411 4239 1427 4288 9
1447 4239 1520 4299 Verg.
1541 4239 1631 4298 Georg.
1652 4238 1702 4286 llll
1720 4238 1736 4287 d
1754 4240 1781 4286 iu
1800 4239 1872 4286 tenni

239 4323 323 4373 labor:
344 4325 474 4374 attonuit
494 4338 543 4373 non
561 4326 638 4386 glorie

325 4581 359 4632 32
377 4597 468 4632 amena
488 4582 544 4642 ΤΜ,
566 4597 669 4630 amoena
687 4588 731 4631 rat.
751 4585 831 4643 aroino,
852 4586 931 4632 antica
948 4589 975 4631 et
994 4584 1116 4642 Heinsius,
1139 4585 1218 4632 amica
1236 4598 1264 4631 ac
1283 4598 1326 4644 apo
1460 4583 1492 4632 33
1512 4581 1553 4650 tu]
1571 4585 1608 4632 tul
1631 4585 1677 4645 (orl
1696 4588 1747 4644 tua]
1772 4584 1792 4630 Τ
1813 4586 1868 4645 (litt.

238 4669 284 4717 ult.
306 4667 367 4730 dai.)
491 4668 524 4717 33
543 4683 714 4717 camoenarum
738 4669 759 4715 Τ
879 4670 910 4718 3ῖ
930 4671 1057 4718 dactilicos
1079 4671 1108 4730 Τ,
1129 4671 1231 4718 ductiles
1252 4669 1279 4716 M
1392 4672 1548 4728 roryanrbum
1571 4670 1591 4717 Τ
1705 4677 1730 4717 ct
1749 4670 1825 4730 pedes
1846 4669 1872 4715 M

239 4752 273 4802 38
291 4756 390 4802 columi
409 4753 438 4801 M
541 4754 574 4803 40
592 4755 676 4803 cartha
696 4755 722 4814 Τ,
744 4762 825 4803 cartes
844 4755 872 4802 M
975 4756 1003 4805 ii
1027 4758 1172 4805 lsatcuautia
1193 4756 1219 4815 T,
1239 4757 1383 4804 catanancia
1402 4756 1436 4817 M,
1459 4758 1598 4818 catenoplia
1619 4757 1770 4818 (iaoenoplla
1788 4753 1870 4817 ΜΛ)

239 4841 322 4900 volpe,
342 4837 492 4891 αατιναντία
510 4843 597 4901 scripsi
701 4840 734 4889 42
754 4855 833 4903 poena
854 4842 952 4903 (poema
971 4840 1009 4903 M)
1031 4842 1074 4890 sed
1093 4858 1123 4904 ω,
1145 4846 1241 4912 προῖκα
1259 4844 1302 4891 sed
1327 4842 1386 4891 ll’ail

326 4925 373 4976 Xl.
413 4927 570 4988 lieacriptum
588 4926 666 4975 Paulo
686 4927 801 4988 (Paulino
818 4934 869 4987 mu)
891 4942 936 4976 suo
956 4929 1011 4989 (auo
1029 4942 1076 4977 orn.
1100 4927 1140 4989 M)
1161 4945 1193 4990 ω,
1216 4931 1347 4978 Ausonius
1365 4929 1442 4978 Panlo
1461 4930 1485 4979 S.
1508 4929 1679 4989 laodociae
1782 4923 1873 4993 iqui]

238 5027 287 5074 qna
308 5011 337 5060 M
438 5013 560 5061 edictioui
582 5013 611 5074 Τ,
632 5013 737 5062 editioni
755 5019 812 5073 cet,
833 5014 952 5062 editionis
974 5014 1072 5063 Gronov
1187 5016 1285 5078 3qnac
1304 5018 1380 5065 lactat
1401 5016 1422 5062 Τ
1532 5030 1581 5077 quc
1601 5013 1629 5061 M
1743 5014 1872 5076 5pulerl·

241 5099 340 5147 tudinis
361 5097 411 5146 ΤΜ
531 5098 612 5148 duce
633 5099 661 5158 Τ,
684 5112 765 5161 neque
783 5104 827 5147 cet.
953 5099 967 5147 'l
988 5100 1154 5150 deterabati'
1275 5102 1382 5151 limasti
1398 5101 1454 5160 ΤΜ,
1476 5103 1538 5150 mari
1554 5107 1600 5150 eat.
1706 5101 1873 5163 praeternauit

239 5184 355 5233 habitum
377 5184 398 5231 Τ
537 5183 567 5233 42
587 5186 713 5246 pisaouem
735 5185 763 5247 Τ,
789 5187 905 5248 pisonem
924 5191 981 5248 cet,
1010 5188 1141 5236 dissonum
1161 5188 1284 5248 Eootpo,
1315 5189 1435 5236 Biaouum
1454 5189 1543 5235 Hortel
1681 5189 1775 5236 tolleno
1792 5189 1819 5235 lr'r
1842 5188 1869 5245 T,

240 5271 300 5319 tolle
319 5285 408 5319 nomen
427 5275 485 5332 eea,
506 5269 657 5319 Colonomon
682 5268 755 5320 Van.⁴
772 5273 852 5332 volpe,
873 5265 1074 5340 Κεκαλλημένον
1092 5275 1250 5336 temptatum,
1271 5273 1432 5322 Tollenonem
1452 5274 1553 5336 Mertai,
1582 5274 1738 5336 atonifiaotur
1754 5277 1806 5321 rim
1824 5273 1872 5320 du·

240 5356 280 5406 hio
305 5359 413 5419 aaron
440 5357 586 5406 duodecimo
727 5356 757 5405 13
776 5358 876 5407 adoraui
904 5375 936 5418 ω,
965 5360 1057 5407 addere
1084 5374 1136 5422 apo,
1166 5361 1197 5407 ad
1224 5366 1249 5406 tc
1277 5361 1376 5408 mittere
1403 5360 1503 5410 Gronov
1521 5362 1593 5420 volvo
1731 5362 1820 5408 iubeas
1847 5359 1876 5407 M

243 5441 275 5494 u
292 5445 375 5494 {uarat
394 5443 422 5490 Μ
540 5444 680 5492 transmitti
700 5442 771 5503 Pon,
793 5445 935 5493 transmitto
954 5444 1021 5493 soar.
1041 5447 1113 5505 ootpo
1247 5444 1277 5494 ¹5
1296 5447 1416 5507 pcpoaiati
1438 5447 1458 5493 Τ
1585 5446 1616 5496 16
1633 5460 1799 5509 αυιααυηααο
1820 5446 1841 5493 Τ

238 5535 294 5594 poat
310 5531 484 5580 mubaaoeram
502 5531 529 5579 tn
547 5545 569 5580 ω
587 5532 698 5591 aequitio
714 5544 814 5578 maman
833 5530 905 5578 XXV
919 5532 944 5593 3,
966 5531 1031 5593 quod
1049 5534 1173 5592 acipiunt
1191 5531 1262 5582 loeo:
1282 5531 1313 5579 ari
1331 5531 1436 5581 Panium
1456 5548 1530 5581 arrum
1551 5534 1595 5594 (aie
1617 5534 1663 5599 Τχ,
1682 5549 1731 5582 om.
1753 5533 1793 5595 M)
1815 5534 1873 5581 uide

241 5619 276 5667 ml
294 5618 370 5668 Paula
387 5631 409 5667 a.
429 5633 452 5681 q.
474 5631 494 5668 a.

318 5718 440 5760 irsoum.
1312 5768 1314 5773 Ι
1632 5723 1666 5773 22
