4358 6234
950 348 1179 402 Psoosulvrd.
1829 343 1877 408 XI

250 575 336 641 vitae
366 575 515 660 publicae
545 575 679 657 strepitu
702 574 926 639 delectaretur.
973 591 1069 653 quam
1093 571 1133 635 ob
1156 591 1222 636 rem
1244 571 1278 636 in
1301 588 1427 635 summa
1450 569 1607 652 dignitate
1631 570 1804 634 collocatus
1827 576 1877 633 ta-

250 716 324 760 men
345 714 409 760 non
433 695 534 760 multo
557 701 630 779 post
652 693 801 759 civilibus
823 691 1018 757 renuntiavit
1040 691 1155 757 officiis
1177 711 1216 756 ac
1238 690 1447 773 Burdigalam
1470 709 1507 755 se
1529 690 1680 771 eontulit,
1714 697 1748 755 ut
1776 689 1875 754 vitam

250 816 392 898 quietam
422 821 534 899 ageret
564 815 729 880 doctrinae
759 812 875 878 studiis
897 812 1026 897 penitus
1050 811 1204 878 deditam.
1251 811 1416 877 crescebat
1436 818 1544 876 autem
1566 809 1600 882 iu
1622 810 1692 876 dies
1715 830 1875 875 sacrorum

251 935 506 1002 Christianorum
528 935 562 1000 in
584 935 691 999 animo
713 933 784 998 eius
807 932 902 997 ardor
923 933 986 1014 ita,
1016 939 1052 997 ut
1072 933 1136 997 iam
1160 952 1251 997 sacro
1273 932 1426 997 lustratus
1449 930 1536 997 fonte
1559 949 1594 996 se
1616 952 1637 994 a
1660 937 1752 996 coetu
1774 930 1878 995 homi-

249 1076 390 1140 numque
419 1055 599 1138 irequentia
626 1053 660 1118 in
690 1052 896 1118 solitudinem
920 1053 1062 1137 recipere
1084 1051 1299 1117 constitueret.
1348 1050 1482 1115 secessit
1504 1049 1604 1132 igitur
1625 1070 1697 1115 cum
1719 1049 1877 1115 Therasia

252 1196 351 1242 uxore
374 1197 405 1241 a.
430 1193 611 1241 ccccxxxx
634 1173 856 1256 Barcinonem,
881 1172 936 1238 ubi
959 1193 1018 1257 per
1040 1177 1189 1255 quattuor
1210 1189 1312 1236 annos
1335 1177 1548 1236 commoratus
1572 1190 1643 1235 eam
1666 1171 1752 1236 vitae
1774 1189 1877 1253 agen-

250 1295 312 1362 dae
340 1295 497 1362 rationem
525 1295 696 1381 amplexus
725 1300 790 1375 est,
824 1300 859 1358 ut
887 1293 921 1358 in
949 1314 1054 1359 rerum
1086 1292 1265 1358 divinarum
1295 1291 1565 1377 contemplatione
1594 1299 1691 1375 atque
1713 1292 1876 1358 hominum

251 1436 429 1501 paupemm
458 1417 595 1482 miseriis
619 1414 778 1481 leniendis
800 1434 927 1479 omnem
949 1421 1082 1498 poneret
1105 1415 1295 1499 operam13).
1342 1433 1439 1497 aegre
1462 1432 1537 1478 vero
1560 1413 1634 1479 tulit
1655 1413 1817 1478 Ausonius
1840 1431 1875 1478 se

248 1536 483 1602 iucundissima
504 1536 600 1601 amici
623 1535 781 1602 carissimi
805 1534 1036 1600 consuetudine
1058 1534 1218 1619 privatum
1240 1553 1314 1599 esse
1335 1539 1433 1616 atque
1456 1533 1585 1617 aegrius
1608 1532 1764 1612 etiamid,
1791 1532 1876 1616 quod

249 1676 291 1721 ne
320 1655 451 1741 saepius
479 1656 609 1740 quidem
640 1657 851 1740 compellatus
881 1654 997 1720 litteris
1019 1655 1174 1720 Paulinus
1204 1653 1370 1738 rescripsit
1398 1660 1495 1736 atque
1523 1652 1684 1718 amicitiae
1713 1652 1875 1718 vinculum

249 1775 409 1861 dirupisse
430 1775 609 1842 videbatur.

334 1895 400 1962 Sed
430 1897 492 1962 hac
519 1896 687 1962 occasione
715 1901 805 1978 utar,
837 1903 873 1961 ut
899 1916 983 1979 qnae
1012 1895 1095 1961 inter
1123 1903 1251 1960 mutuas
1274 1893 1408 1959 Ausonii
1439 1902 1471 1960 et
1493 1892 1622 1958 Paulini
1644 1892 1801 1976 epistulas
1823 1913 1876 1958 ra-

248 2017 353 2082 tiones
374 2016 575 2083 intercedant
596 2015 766 2101 explicem.
806 2015 934 2099 quade
957 2036 991 2081 re
1014 2036 1085 2081 cum
1108 2014 1297 2080 dissentiam
1319 2035 1359 2080 ex
1382 2021 1474 2098 parte
1496 2014 1537 2079 ab
1557 2013 1616 2096 eis,
1641 2033 1725 2097 quae
1740 2013 1875 2078 Ebertus

248 2138 348 2202 1287
366 2156 435 2220 sqq.
462 2134 626 2217 disseruit,
660 2137 758 2220 paulo
788 2136 931 2218 longiore
960 2135 1176 2220 disputatione
1204 2153 1285 2219 opus
1314 2153 1388 2199 esse
1415 2133 1553 2199 ridetur.
1600 2154 1639 2199 ac
1667 2133 1804 2219 primum
1826 2133 1876 2196 in-

248 2255 439 2340 quirendum
463 2263 523 2339 est,
549 2255 665 2338 quibus
680 2255 813 2321 Ausonii
836 2255 951 2322 litteris
966 2255 1120 2320 Paulinus
1144 2254 1284 2320 carmine
1307 2253 1432 2319 decimo
1454 2253 1665 2338 responderit.
1706 2261 1771 2319 tres
1790 2251 1876 2318 enim

249 2376 291 2442 ab
313 2375 417 2442 amico
439 2394 474 2442 se
497 2377 662 2462 accepisse
686 2375 764 2443 dicit
785 2375 942 2461 epistulas
964 2396 996 2440 r.
1023 2380 1040 2438 7
1059 2395 1128 2458 sq.,
1163 2395 1298 2456 quarum
1322 2395 1387 2439 una
1409 2373 1480 2440 sine
1502 2374 1600 2440 dubio
1623 2393 1663 2438 ea
1685 2373 1761 2455 luit,
1791 2392 1875 2456 quae

247 2496 281 2562 in
310 2496 372 2563 hae
402 2494 542 2562 editione
571 2504 620 2562 est
648 2496 803 2562 vicesima
827 2503 956 2581 quarta,
991 2496 1025 2562 id
1047 2496 1221 2580 quodiam
1243 2515 1284 2561 ex
1307 2516 1344 2561 eo
1366 2494 1581 2578 intellegitur,
1612 2494 1697 2576 quod
1718 2493 1875 2559 Paulinus

247 2616 347 2683 verbo
376 2615 480 2700 primo
515 2616 660 2694 ‘Quarta'
692 2617 788 2683 huius
818 2618 978 2703 epistulae
1007 2617 1133 2682 initium
1156 2616 1317 2700 designat.
1364 2615 1449 2681 adde
1472 2614 1558 2700 quod
1578 2615 1662 2680 inter
1684 2634 1719 2680 se
1743 2632 1875 2700 respon-

248 2736 326 2802 dent
354 2735 444 2821 apud
466 2737 637 2802 Paulinum
659 2758 691 2803 v.
718 2742 737 2801 5
771 2737 953 2803 ‘salutifero
983 2737 1103 2803 libello’
1133 2743 1165 2801 et
1196 2736 1283 2821 apud
1305 2736 1484 2802 Ausonium
1507 2756 1538 2800 v.
1564 2740 1583 2799 4
1610 2734 1810 2818 ‘salutigeris
1833 2735 1875 2799 li·

247 2856 367 2923 bellis’.
414 2856 474 2922 sed
500 2877 562 2938 quo
591 2856 685 2922 modo
714 2876 833 2939 quaeso
861 2856 952 2939 queri
983 2857 1085 2941 potuit
1114 2856 1269 2922 Paulinus
1298 2855 1338 2923 de
1368 2855 1517 2938 Ausonii,
1551 2855 1605 2939 qui
1634 2862 1699 2920 tres
1729 2853 1772 2919 ad
1801 2875 1874 2919 euru

247 2976 390 3044 misisset
419 2976 592 3061 epistulas,
626 2977 828 3042 cessatione?
871 2997 934 3042 non
963 2977 1062 3060 igitur
1090 2984 1254 3061 tamquam
1279 2976 1407 3042 Paulini
1435 2976 1538 3062 ipsius
1567 2975 1667 3041 verba
1694 2974 1875 3059 accipiendi

247 3104 321 3163 sunt
349 3115 464 3163 versus
494 3116 552 3162 sex
580 3096 656 3162 inde
685 3117 706 3162 a
735 3097 837 3181 primo
863 3097 898 3161 in
920 3097 1014 3162 huius
1037 3097 1192 3182 epistula,
1227 3096 1286 3164 sed
1308 3098 1415 3181 potius
1438 3096 1572 3162 Ausonii
1595 3096 1713 3161 blande
1736 3095 1873 3160 amicum

246 3216 465 3301 obiurgantis,
497 3225 691 3301 quamquam
721 3217 756 3282 hi
786 3236 899 3283 versus
928 3238 991 3282 non
1013 3218 1055 3282 ab
1078 3218 1219 3283 Ausonio
1241 3218 1312 3302 ipso
1334 3217 1469 3303 profecti
1492 3224 1580 3298 sunt,
1615 3217 1674 3283 sed
1696 3237 1717 3281 a
1738 3217 1873 3282 Paulino

247 3337 293 3404 ita
315 3338 514 3420 concinnati,
546 3343 581 3402 ut
603 3337 650 3402 eis
672 3357 735 3403 non
758 3338 888 3422 singula
911 3338 1025 3419 verba,
1051 3337 1110 3402 sed
1132 3338 1321 3403 sententiam
1344 3358 1471 3418 eorum,
1498 3358 1581 3420 (quae
1603 3339 1728 3420 legerat
1750 3336 1783 3401 in
1806 3336 1875 3401 Au·

248 3457 332 3524 sonii
361 3457 516 3542 epistula,
551 3457 711 3523 redderet.
758 3464 831 3542 post
859 3477 988 3523 versum
1011 3465 1137 3523 sextum
1160 3465 1268 3524 autem
1290 3458 1427 3524 fortasse
1449 3456 1608 3541 quaedam
1630 3455 1870 3536 interciderunt,

248 3598 320 3643 eum
343 3597 427 3661 quae
450 3584 601 3644 secuntur
623 3597 694 3643 cum
716 3577 767 3643 his
790 3579 935 3644 versibus
958 3577 1013 3643 vix
1034 3579 1118 3643 bene
1141 3578 1316 3644 consociari
1338 3577 1474 3662 possint.
1520 3577 1585 3642 iam
1611 3575 1697 3661 quod
1719 3575 1873 3642 Paulinus

248 3699 346 3783 paulo
368 3704 441 3781 post
468 3700 507 3782 (v.
535 3700 654 3783 9sqq.)
689 3698 766 3764 dicit
787 3698 964 3764 Ausonium
988 3700 1159 3765 subamara
1182 3698 1341 3781 quaedam
1364 3705 1396 3764 et
1418 3718 1536 3784 aspera
1557 3697 1705 3763 dulcibus
1727 3698 1873 3763 blandis-

244 3839 307 3903 que
329 3818 516 3897 miscuisse,
541 3817 576 3883 id
598 3839 694 3901 quam
717 3819 856 3884 maxime
879 3819 965 3884 cadit
985 3818 1020 3883 in
1043 3820 1214 3903 epistulam
1236 3819 1326 3884 illam
1349 3819 1579 3884 Ausonianam.
1627 3818 1766 3902 denique
1788 3820 1873 3884 Pau-

245 3938 331 4004 linus
352 3944 464 4023 aperte
487 3937 538 4002 his
560 3938 706 4004 versibus
732 3943 792 4002 164
820 3940 893 4022 (156
909 3959 993 4022 sqq„
1017 3943 1195 4022 191),166,
1218 3942 1287 4021 168,
1311 3944 1371 4003 169
1384 3959 1467 4023 sqq,
1491 3944 1550 4004 162
1571 3940 1668 4023 (196),
1690 3942 1750 4003 169
1770 3940 1869 4022 (197),

246 4062 319 4141 203,
346 4060 408 4122 223
425 4076 475 4141 sq.
499 4058 558 4124 hos
581 4057 742 4142 signifieat
763 4058 796 4122 in
818 4058 954 4124 Ausonii
976 4058 1117 4143 epistula
1138 4079 1251 4125 versus
1275 4063 1326 4143 72,
1353 4064 1405 4143 49,
1432 4064 1570 4142 521111),
1598 4061 1648 4139 73,
1672 4063 1725 4141 71,
1744 4062 1795 4140 69,
1816 4064 1868 4141 51,

245 4182 285 4242 57
302 4195 372 4261 sqq.
408 4177 495 4243 unde
527 4178 592 4243 iam
622 4178 699 4262 quin
728 4177 884 4244 Paulinus
912 4179 1084 4263 epistulam
1113 4180 1246 4244 XXIIII
1275 4201 1370 4263 quam
1400 4179 1538 4245 maxime
1568 4186 1642 4245 ante
1672 4181 1781 4245 oculos
1811 4180 1872 4246 ha-

244 4297 365 4378 buerit,
398 4297 526 4363 omnino
555 4299 694 4364 dubitari
722 4319 785 4364 non
815 4305 931 4384 potest.
978 4298 1111 4364 alterius
1141 4300 1300 4385 epistulae
1321 4300 1527 4366 Ausonianae
1558 4321 1657 4366 unum
1685 4308 1734 4366 est
1756 4301 1789 4365 in
1811 4301 1872 4368 hoe

244 4418 387 4484 carmine
416 4418 606 4502 vestigium,
641 4418 713 4484 dico
744 4439 871 4485 versum
897 4422 973 4501 192,
1008 4439 1070 4502 quo
1093 4418 1302 4503 designantur
1323 4441 1380 4503 ea,
1413 4441 1496 4504 quae
1519 4421 1554 4485 in
1576 4421 1734 4505 epistulae
1757 4422 1871 4487 XXIII

244 4557 275 4602 v.
302 4542 337 4601 31
372 4537 414 4603 de
442 4539 600 4604 Therasia
627 4538 731 4604 facete
760 4538 906 4620 quidem,
944 4539 1003 4603 sed
1031 4538 1078 4603 ita
1105 4546 1141 4604 ut
1169 4540 1299 4605 aculeos
1326 4540 1518 4625 impingeret
1540 4542 1701 4608 Ausonius
1731 4542 1867 4609 dixerat.

244 4655 358 4722 tertiae
380 4677 463 4741 quae
485 4677 523 4723 eo
545 4666 688 4743 tempore
710 4658 752 4722 ad
775 4658 943 4723 Paulinum
966 4657 1067 4723 missa
1088 4659 1184 4724 etiam
1207 4680 1291 4725 nunc
1313 4667 1401 4727 extat
1423 4661 1583 4747 epistulae
1605 4663 1697 4727 XXV
1723 4663 1814 4726 nulla
1835 4662 1869 4727 in

244 4776 303 4842 hoc
325 4776 468 4843 carmine
490 4784 540 4844 est
562 4777 766 4862 significatio.
814 4799 889 4844 nam
918 4799 1002 4862 quae
1024 4778 1193 4845 intercedit
1212 4780 1295 4846 inter
1317 4801 1348 4846 v.
1376 4783 1438 4845 232
1454 4802 1504 4865 sq.
1530 4789 1563 4847 et
1584 4782 1743 4865 epistulae
1765 4782 1869 4847 Auso·

243 4895 360 4963 nianae
382 4918 413 4962 v.
439 4898 480 4962 88
497 4917 545 4982 sq.
571 4897 748 4964 similitudo
775 4897 826 4983 (cf.
845 4899 972 4982 Peiper.
991 4902 1062 4983 326)
1092 4921 1130 4966 eo
1152 4901 1340 4987 explicatur,
1371 4901 1456 4986 quod
1477 4902 1640 4967 Ausonius
1662 4902 1695 4967 in
1718 4902 1778 4967 hae
1800 4901 1871 4987 epi-

243 5017 329 5082 stula
349 5017 477 5083 Paulini
506 5037 637 5084 carmen
666 5020 818 5103 respexit.
868 5018 903 5084 id
931 5019 1017 5103 quod
1047 5021 1145 5087 facile
1174 5021 1372 5105 intellegitur
1401 5022 1464 5103 eis,
1498 5043 1582 5105 quae
1605 5023 1765 5088 Ausonius
1788 5022 1871 5089 dixit

242 5156 297 5202 vv.
314 5139 355 5201 87
372 5157 454 5222 sqq,
481 5158 553 5204 cum
574 5139 704 5204 Paulini
726 5139 878 5205 carminis
901 5161 952 5205 vv.
972 5144 1032 5203 221
1048 5161 1118 5222 sqq,
1145 5142 1282 5207 collatis.
1330 5161 1414 5225 quae
1436 5143 1465 5207 si
1487 5149 1572 5207 recta
1594 5142 1758 5225 disputata
1779 5148 1865 5225 sunt,

242 5257 343 5323 uerba
363 5257 498 5325 Ausonii
530 5259 578 5343 (E.
603 5258 734 5324 XXIIII
760 5262 785 5343 1)
825 5259 984 5337 ‘Quarta
1013 5259 1071 5325 tibi
1102 5261 1182 5327 haee
1212 5269 1303 5327 notos
1332 5262 1454 5328 detexit
1481 5261 1620 5347 epistula
1648 5266 1792 5345 questus*
1824 5263 1870 5328 ita

245 5440 471 5450 ---——----
481 5444 656 5451 -—--—-.

242 5634 318 5685 m
329 5548 425 5689 lldlzg.
442 5552 476 5603 Δ.
495 5552 573 5604 Busa.
592 5554 606 5605 1
624 5550 675 5605 111
685 5567 758 5620 unq
782 5555 873 5607 nous.
896 5554 1057 5619 Atlgonun·
1073 5555 1224 5609 (1111111111
1245 5557 1292 5607 der
1307 5558 1448 5608 Litteretnr
1469 5559 1513 5607 dea
1531 5558 1691 5607 Ilittalalters
1709 5561 1744 5607 im
1762 5558 1868 5607 Abund-

426 5650 482 5703 sqq,

1622 5744 1663 5801 ,.
