4358 6234
858 333 1091 390 EGLOGARVM
1111 336 1223 391 LIBER
1241 337 1294 401 (V).

755 709 812 776 14.
839 709 898 775 DE
919 710 1188 778 AVCTORIBVS
1211 712 1403 779 AGONVM.

601 880 726 946 Primus
749 881 958 968 Olympiacae
981 884 1122 949 sacrauit
1144 884 1228 950 festa
1250 905 1385 951 coronae

600 984 744 1070 Iuppiter
765 986 876 1069 Argivi
901 987 1008 1052 stadia
1029 987 1071 1052 ad
1095 987 1284 1071 longissima
1306 988 1393 1054 circi.

602 1089 766 1173 proximus
787 1089 920 1155 Alcides
942 1090 1085 1156 Nemeae
1108 1091 1248 1157 sacravit
1270 1091 1434 1157 honorem.

600 1191 736 1258 Isthmia
757 1191 906 1276 Neptuno
929 1193 1006 1258 data
1028 1201 1102 1259 sunt
1123 1202 1156 1260 et
1177 1194 1294 1279 Pythia
1317 1194 1456 1260 Phoebo.

271 1501 325 1570 lo.
347 1502 464 1580 QVOD
483 1502 592 1566 IDEM
612 1501 685 1579 QVI
704 1501 829 1568 SACRI
848 1502 1022 1567 AGONES
1042 1503 1155 1568 SVNT
1175 1504 1230 1568 ΕΤ
1250 1504 1473 1568 FVNEBRES
1493 1504 1595 1568 LVDI
1617 1504 1889 1570 HABEANTVR.

601 1675 690 1740 Haec
711 1693 838 1757 quoque
860 1675 1059 1759 temporibus
1082 1675 1301 1759 quinquennia
1323 1696 1416 1742 sacra
1437 1675 1586 1742 notandis
1706 1695 1756 1744 :ras
1779 1694 1844 1757 cras,
1867 1696 1890 1755 o

600 1777 733 1863 ancipiti
755 1777 844 1843 cultu
867 1778 1012 1843 divorum
1035 1778 1262 1863 hominumque
1285 1779 1442 1864 sepulcri:
1778 1797 1846 1859 5³88,
1868 1797 1892 1857 o)

600 1879 794 1947 Tantalidae
816 1881 929 1966 Pelopi
951 1889 1108 1967 maestum
1132 1882 1218 1948 dicat
1240 1882 1309 1948 Elis
1333 1883 1503 1963 honorem,
1848 1885 1892 1946 'l'l

601 1983 786 2049 Archemori
808 1983 972 2050 Nemeaea
995 1985 1102 2050 colunt
1124 1984 1342 2066 quinquennia
1365 1985 1516 2057 Thebae.

535 2109 548 2147 a
600 2087 736 2152 Isthmia
757 2086 909 2153 defuncto
932 2088 1095 2154 celebrata
1117 2089 1311 2154 Palaemone
1333 2095 1464 2154 notum.

601 2189 718 2274 Pythia
739 2190 899 2275 placando
921 2191 1040 2275 Delphi
1063 2197 1204 2257 statuere
1228 2191 1369 2257 draconi.

817 2497 873 2567 16.
897 2500 954 2564 DE
977 2501 1118 2566 FERIIS
1141 2501 1343 2567 ROMANIS.

604 2671 697 2736 Nunc
719 2677 752 2737 et
772 2670 960 2757 Apollineos
983 2672 1137 2738 Tiberina
1159 2693 1216 2758 per
1239 2673 1322 2739 ostia
1344 2672 1437 2739 ludos

543 2846 554 2863 ⁰
689 2779 722 2839 et
743 2774 981 2857 Megalesiacae
1004 2775 1115 2840 matris
1137 2784 1249 2861 operta
1271 2777 1383 2859 loquar

604 2877 804 2960 Vulcanique
827 2877 912 2957 dics,
940 2878 1084 2944 autumni
1107 2878 1243 2945 exordia
1264 2879 1376 2964 primi,

688 2980 970 3065 Quinquatrusque
993 2981 1075 3048 deae
1098 2982 1249 3047 Pallados
1273 2983 1442 3067 expediam

537 3107 549 3143 s
603 3090 635 3149 et
656 3083 781 3150 medias
802 3083 875 3148 idus
899 3083 965 3149 Mai
987 3083 1188 3167 Augustique
1211 3104 1357 3164 recursu,

689 3207 770 3269 quas
793 3186 855 3252 sihi
877 3186 1053 3252 Mercurius
1075 3206 1220 3271 quasque
1243 3188 1349 3253 Diana
1371 3188 1475 3253 dicat:

602 3297 766 3356 matronae
790 3310 873 3373 quae
896 3309 989 3355 sacra
1011 3291 1118 3355 colant
1140 3311 1196 3374 pro
1219 3291 1316 3356 laude
1340 3291 1496 3373 virorum,

689 3392 841 3458 Mavortia
863 3392 959 3477 primi
982 3413 1053 3458 curn
1077 3392 1201 3459 rediere
1223 3392 1303 3459 dics.

603 3496 687 3562 festa
709 3495 891 3581 Caprotinis
913 3496 1096 3561 memorabo
1119 3497 1261 3562 celebria
1282 3498 1395 3574 nonis,

522 3621 549 3660 ro
689 3619 761 3666 cum
784 3600 867 3666 stola
888 3599 1041 3664 menonis
1064 3600 1196 3685 dempta
1216 3600 1298 3684 tegit
1319 3601 1474 3666 famulas:

603 3709 753 3785 quattuor
773 3702 832 3768 illa
853 3703 950 3769 etiam
973 3701 1121 3767 discretis
1144 3703 1291 3787 partibus
1313 3704 1389 3769 anni

690 3805 828 3872 solstitia
849 3812 882 3871 et
903 3806 992 3871 luces
1014 3812 1106 3871 nocte
1130 3805 1247 3888 dieque
1269 3827 1375 3892 pares.

603 3930 663 3975 nec
685 3910 891 3994 Regifugium
914 3909 1018 3995 pulsis
1042 3929 1082 3975 ex
1105 3911 1183 3974 urbe
1206 3911 1351 3995 tyrannis

689 4014 809 4079 laetum
832 4012 986 4077 Romanis
1009 4012 1059 4077 fas
1082 4012 1215 4079 reticere
1238 4013 1335 4080 diem.

521 4136 550 4176 rs
603 4117 695 4181 ulsne
718 4116 798 4201 Opis
820 4123 895 4182 ante
919 4134 1045 4181 sacrum
1068 4116 1120 4180 vel
1144 4116 1329 4182 Saturnalia
1351 4117 1456 4183 dicam

689 4219 836 4302 festaque
859 4239 1039 4300 servorum,
1068 4239 1139 4284 cum
1163 4220 1360 4286 famulantur
1383 4221 1445 4286 cri.

604 4328 636 4386 ct
657 4342 830 4405 numquam
853 4323 949 4388 certis
973 4322 1142 4388 redeuntia
1164 4322 1249 4387 festu
1272 4322 1400 4404 diebus,

690 4425 830 4511 compita
851 4445 909 4510 per
930 4426 1019 4491 vicos
1042 4445 1113 4489 curn
1137 4446 1197 4490 sua
1218 4425 1354 4508 quisquc
1377 4426 1470 4503 colit,

603 4535 661 4594 aut
683 4528 845 4614 duplicem
869 4529 1008 4610 cultum,
1034 4548 1130 4611 quem
1152 4528 1351 4612 Neptunalia
1374 4529 1483 4594 dicunt

520 4649 551 4690 ro
690 4639 723 4696 et
744 4653 839 4714 quem
863 4633 903 4697 de
926 4631 1030 4698 Conso
1053 4631 1258 4714 consiliisque
1282 4639 1420 4696 vocant?

359 4942 408 4995 14.
447 4943 456 4993 l
479 4946 632 5005 olympiacae
654 4944 673 4990 V
692 4944 716 5004 (y
734 4957 762 4990 ea
782 4945 798 5003 i)
907 4944 921 4991 3
941 4924 1058 4990 nemeaei
1081 4926 1155 5002 Vlei
1173 4958 1206 4990 on
1225 4924 1252 4990 ci
1270 4946 1398 5005 incertam)
1418 4959 1477 4994 corr.
1495 4943 1575 5003 Laod.
1680 4951 1734 5005 post
1752 4961 1775 4993 c.
1796 4948 1812 4993 3
1831 4948 1858 4993 in
1879 4944 1899 4990 V

270 5034 360 5093 lecim
377 5033 494 5079 caminis
511 5032 633 5092 sequentia
650 5046 674 5080 o.
700 5035 721 5091 1,
743 5044 814 5092 ptem
831 5042 876 5076 ruo
893 5032 989 5090 reposui
1007 5032 1060 5076 loro
1182 5027 1330 5077 ilsthiuria
1354 5031 1372 5077 l'
1492 5031 1572 5092 pithia
1591 5030 1685 5090 phaebo
1709 5031 1728 5075 V
1840 5035 1895 5091 post

270 5134 295 5167 v.
315 5122 330 5165 4
349 5120 439 5177 legitur
455 5119 574 5165 caminis
592 5119 713 5179 sequente
730 5133 754 5165 o.
776 5117 800 5177 ¹2,
822 5130 892 5177 quem
911 5117 938 5164 in
956 5117 1028 5162 illam
1046 5117 1163 5163 transtuli
1180 5117 1262 5162 locam

357 5198 407 5253 lb·
443 5204 548 5252 funebre
570 5203 591 5247 V
705 5202 731 5269 '1
754 5208 776 5251 el
795 5201 810 5250 2
829 5201 864 5262 cf.
885 5216 984 5249 cannen
1002 5202 1067 5263 quod
1085 5202 1205 5250 antecedit
1343 5203 1351 5251 l
1374 5203 1529 5265 quinqueuia
1552 5202 1572 5248 V
1701 5202 1840 5263 2sepultis
1866 5203 1892 5257 V,

270 5291 377 5353 sepulcri
396 5303 438 5351 epo
555 5288 653 5337 theris
675 5290 696 5337 V
809 5289 960 5337 daroemori
979 5303 1082 5337 nemeae
1106 5289 1126 5334 V
1140 5302 1203 5338 corr.
1224 5289 1291 5336 Scol.
1416 5290 1431 5336 5
1451 5290 1562 5337 isthimia
1585 5289 1605 5335 l'
1725 5289 1822 5349 dpitis
1844 5289 1863 5334 V

270 5376 328 5424 deld
351 5376 372 5424 V
1405 5438 1409 5447 Ι

358 5458 407 5513 ld.
444 5463 503 5510 teris
524 5462 545 5509 V
646 5463 741 5511 burcii
761 5464 780 5521 (l
797 5478 834 5523 pr.
856 5463 966 5521 laneam)
988 5452 1101 5523 agusth⁹
1124 5462 1144 5507 V
1255 5451 1435 5523 acaproonbs
1458 5462 1477 5506 V
1495 5463 1508 5515 (i
1528 5458 1569 5519 ιη’-ζ
1689 5459 1719 5507 ro
1737 5461 1821 5508 demta
1844 5461 1864 5506 V

270 5554 340 5609 teget
360 5549 476 5609 Vooipo‚
495 5550 558 5607 tegit
577 5549 696 5596 Halmius
820 5548 846 5596 ll
869 5555 974 5609 quatuor
998 5549 1017 5592 V
1137 5549 1209 5594 anrris
1232 5547 1259 5607 V,
1280 5550 1339 5594 anni
1360 5547 1439 5607 Laod.
1577 5546 1607 5594 15
1625 5559 1684 5606 opes
1707 5546 1734 5598 V,
1755 5547 1816 5608 OpIs
1839 5548 1892 5594 Vin.

274 5633 305 5684 lt
322 5635 376 5683 heri
396 5633 418 5681 V
521 5633 552 5681 19
570 5635 712 5695 dupplicem
737 5634 756 5680 V
