4358 6234
278 329 381 393 LVII!
973 329 1201 385 Puoossrtrvrt.

279 562 387 617 menta
415 564 607 620 tractantur.
642 554 801 619 disiuncta
829 564 1069 639 transponerem
1091 563 1125 620 et
1145 576 1203 633 ea,
1233 576 1318 639 quae
1340 557 1374 620 in
1396 557 1557 621 Vossiano
1578 558 1648 622 solo
1668 558 1836 640 leguntur,
1869 555 1903 621 id

279 693 384 755 genus
407 675 549 739 earmina
570 675 789 739 inseremur.

366 796 414 858 Ex
437 795 622 879 ammaoni
644 795 791 879 epistulis
813 816 910 859 unam
941 796 963 877 J
990 800 1037 873 14)
1064 797 1188 880 recepi.
1215 817 1313 878 quam
1334 797 1400 861 iam
1421 797 1457 861 in
1478 796 1657 881 archetypo
1678 796 1780 863 fuisse
1802 798 1903 862 libro-

278 937 349 980 rum
372 921 427 978 o's
447 916 628 980 testimonio
649 916 829 980 confirmari
851 916 995 985 ridetur.
1023 916 1066 980 ab
1088 917 1233 981 Ausonio
1255 917 1389 982 carmini
1410 908 1613 984 de'ttooena
1634 917 1812 997 adiectam,
1841 918 1899 995 eis,

276 1058 360 1119 qnae
381 1038 415 1101 in
439 1037 594 1101 l'ossiano
615 1044 649 1100 et
669 1036 816 1101 Parisino
836 1043 959 1115 extant,
984 1036 1001 1100 Ι
1024 1040 1064 1099 25
1087 1044 1121 1102 et
1143 1040 1195 1111 31,
1221 1038 1370 1128 omissis:
1405 1038 1484 1103 item
1506 1038 1600 1103 omisi
1622 1038 1748 1103 Paulini
1769 1037 1814 1103 ad
1834 1039 1904 1102 Au·

276 1160 401 1224 eonium
429 1158 603 1241 epistulas.
636 1166 669 1222 et
691 1157 848 1221 l'ossiano
869 1164 903 1221 et
923 1156 1069 1221 Parisino
1090 1157 1244 1223 traditas.
1278 1158 1407 1223 Paulini
1427 1157 1622 1238 orationem,
1654 1178 1741 1240 quae
1762 1157 1797 1223 in
1819 1157 1904 1223 Vos·

277 1281 369 1344 siano
396 1279 464 1343 solo
492 1279 620 1360 legitur.
668 1298 731 1342 non
759 1297 835 1341 vero
863 1297 979 1360 negem
1007 1278 1074 1342 iarn
1099 1277 1276 1360 antiquitus
1296 1277 1358 1343 has
1379 1277 1565 1360 Symmachi
1585 1278 1745 1363 epistulas
1766 1284 1801 1343 et
1820 1277 1903 1343 haec

278 1399 404 1463 Paulini
432 1399 575 1463 earmina
603 1398 637 1461 in
666 1418 796 1482 corpore
824 1397 899 1462 illo.
933 1417 975 1462 ex
1003 1418 1068 1481 quo
1097 1406 1250 1483 excerpta
1270 1399 1304 1462 in
1326 1398 1485 1463 l'ossiano
1505 1406 1539 1463 et
1560 1399 1707 1464 Parisino
1727 1397 1897 1473 duxeruut,

276 1519 388 1584 luisse.
434 1539 509 1583 nam
532 1518 629 1583 facile
651 1518 721 1582 lieri
743 1518 855 1602 potuit
882 1525 917 1583 ut
938 1518 978 1589 is,
1003 1517 1060 1600 qui
1081 1518 1166 1583 lianc
1180 1519 1329 1602 syllogen
1344 1519 1555 1591 concinnavit.
1582 1519 1710 1585 libellos
1730 1519 1805 1585 illos
1818 1519 1903 1583 inter

275 1640 403 1704 chartas
430 1640 473 1703 ab
495 1639 637 1703 Ausonio
666 1639 795 1704 relicuus
823 1639 971 1703 inventos
998 1638 1074 1703 lruic
1102 1639 1249 1721 syllegae
1276 1639 1432 1705 adioeret.
1478 1639 1513 1704 id
1540 1639 1627 1724 quod
1651 1639 1693 1704 de
1715 1637 1901 1722 Symmachi

275 1760 426 1845 epistulis
447 1780 487 1824 eo
508 1760 577 1825 reri
599 1759 737 1824 similius
758 1779 832 1824 esse
854 1759 990 1825 ridetur.
1016 1759 1111 1844 quod,
1139 1761 1168 1824 si
1189 1780 1247 1824 eas
1269 1780 1311 1825 ex
1332 1761 1459 1844 integro
1480 1759 1670 1844 Symmachi
1689 1759 1902 1844 epistularum

274 1901 405 1965 corpore
426 1879 633 1964 depromptas
654 1900 728 1945 esee
750 1880 932 1959 statuimus,
957 1880 1044 1944 haud
1066 1879 1162 1945 facile
1177 1881 1386 1963 intellegitur.
1412 1900 1471 1945 cur
1484 1881 1547 1946 hae
1562 1879 1764 1965 potissimum
1779 1878 1903 1944 electae

275 2002 340 2066 sint
361 2001 446 2065 aliis
472 2021 557 2083 quae
579 2000 656 2064 illas
677 2009 711 2065 et
732 2021 837 2065 rerum
860 2000 1020 2082 grauitate
1042 2008 1075 2065 et
1097 2000 1229 2065 dicendi
1250 2010 1364 2065 ornatu
1388 2001 1483 2083 longe
1505 2008 1670 2085 superant.
1695 1999 1863 2082 neglectis.

362 2121 399 2185 ln
421 2120 633 2204 appendicem
655 2121 752 2185 reieci
770 2121 952 2186 Periochas.
978 2121 1130 2203 eglogam
1152 2121 1194 2185 de
1216 2120 1300 2185 rosis
1322 2121 1539 2186 nascentibus
1565 2121 1697 2205 Septem
1719 2119 1900 2204 sapientum

275 2241 469 2307 sententias.
503 2240 635 2305 Catonis
665 2240 706 2306 de
736 2241 837 2306 musis
867 2261 994 2306 versus.
1027 2241 1168 2323 denique
1198 2242 1435 2325 epigrammata
1464 2240 1591 2307 novicia
1612 2261 1633 2304 a
1656 2239 1902 2305 Bartholomaeo

277 2362 402 2426 llerula
423 2361 564 2444 aliisque
587 2361 670 2427 falso
692 2363 834 2428 Ausonio
856 2362 986 2427 tributa.

360 2481 426 2547 Sed
448 2503 513 2564 quo
533 2482 671 2547 facilius.
698 2503 782 2566 quae
804 2483 838 2547 in
859 2483 1084 2566 opusculorum
1106 2481 1306 2564 singulorum
1327 2481 1539 2566 dispositione
1561 2482 1646 2548 inter
1667 2480 1751 2547 lianc
1763 2489 1798 2547 et
1812 2480 1897 2546 Sou-

276 2602 368 2666 clraei
391 2601 564 2667 editionem
587 2602 669 2667 ratio
689 2602 877 2667 intercedat
904 2610 1125 2683 cognoscatur.
1152 2602 1236 2666 hano
1257 2602 1402 2666 tabularu
1423 2602 1604 2686 adponam:

272 2774 319 2826 ed.
339 2773 478 2828 Souuhaei
607 2775 653 2828 ed.
673 2780 769 2827 nostra
824 2774 869 2827 ed.
890 2774 1029 2829 Souulraei
1159 2773 1205 2826 ed.
1225 2778 1320 2826 nostra
1376 2774 1421 2826 ed.
1442 2772 1581 2827 chnchaei
1712 2773 1757 2826 ed.
1776 2778 1875 2827 nostra

294 2863 302 2908 l
517 2879 522 2905 :
608 2877 631 2912 e.
656 2864 664 2910 l
825 2863 858 2911 29
1067 2880 1074 2909 :
1159 2877 1183 2909 e.
1203 2861 1234 2909 31
1395 2862 1409 2909 ἶ
1620 2880 1625 2907 :
1711 2876 1736 2911 e.
1755 2863 1789 2910 55

516 2964 522 2992 :
608 2964 632 2995 e.
653 2948 669 2995 3
825 2951 858 2996 311
1067 2968 1073 2995 t
1160 2964 1184 2998 e.
1205 2949 1238 2996 311
1378 2949 1389 2960 ’
1619 2966 1625 2995 :
1711 2962 1734 2996 e.
1754 2947 1790 2997 56

516 3051 522 3080 :
608 3053 631 3087 e.
653 3040 668 3087 l
825 3039 853 3086 31
1068 3053 1073 3081 :
1160 3051 1185 3084 e.
1204 3036 1237 3084 32
1619 3052 1625 3081 :
1711 3048 1734 3084 e.
1755 3033 1788 3082 57

515 3138 522 3167 τ
609 3140 633 3172 e.
653 3125 670 3172 5
825 3122 859 3171 32
1068 3141 1074 3169 :
1160 3137 1184 3170 e.
1204 3121 1238 3169 33
1383 3122 1392 3137 “
1618 3139 1626 3169 :
1711 3135 1734 3169 e.
1756 3118 1791 3168 58

515 3224 521 3252 τ
609 3225 632 3259 e.
652 3210 669 3258 ti
825 3213 859 3262 3³
1068 3233 1074 3261 :
1160 3223 1184 3255 e.
1204 3209 1237 3256 31
1384 3208 1392 3221 “
1620 3225 1626 3253 :
1712 3208 1745 3254 Α.
1765 3208 1787 3251 V
1806 3205 1839 3255 27

652 3298 666 3309 ·
825 3300 857 3348 34
1068 3318 1074 3346 :
1160 3308 1183 3340 e.
1205 3293 1238 3340 35
1383 3292 1409 3340 ⁸.
1619 3311 1626 3338 :
1712 3293 1744 3339 Α.
1764 3291 1788 3336 V
1805 3291 1839 3340 ‘28

1068 3405 1073 3431 z
1162 3378 1235 3425 xl'n
1254 3378 1283 3426 31
1620 3397 1626 3423 :
1713 3378 1744 3425 Α.
1764 3378 1788 3423 V
1806 3376 1841 3425 ²9

1068 3491 1075 3519 :
1160 3479 1186 3513 e.
1205 3463 1238 3513 28
1385 3464 1393 3478 ⁸
1620 3481 1627 3509 :
1711 3476 1735 3511 e.
1756 3461 1790 3510 59

1068 3581 1075 3609 :
1161 3566 1185 3601 e.
1205 3551 1238 3599 25
1397 3550 1407 3561 '
1620 3568 1627 3595 :
1713 3564 1737 3596 e.
1756 3549 1791 3598 60

1068 3666 1074 3694 :
1161 3653 1183 3686 e.
1204 3637 1237 3687 27
1619 3653 1626 3682 :
1713 3649 1736 3683 e.
1756 3634 1787 3684 61

1068 3751 1074 3780 :
1161 3741 1183 3774 θ.
1206 3724 1239 3774 ³6
1395 3723 1410 3769 ἶ
1620 3739 1627 3768 l
1712 3735 1735 3770 0.
1756 3719 1792 3770 ⁶2

1068 3837 1074 3866 :
1161 3827 1185 3859 e.
1205 3810 1237 3858 a:
1383 3808 1407 3823 ““
1619 3826 1626 3855 :
1712 3820 1735 3856 ο.
1756 3806 1790 3855 63

1067 3923 1074 3951 :
1160 3912 1184 3946 e.
1205 3896 1238 3946 38
1384 3893 1404 3940 ἰ
1620 3911 1626 3939 2
1712 3906 1735 3939 e.
1756 3890 1790 3940 6⁴

1068 4009 1074 4036 :
1160 3999 1183 4033 e.
1205 3983 1238 4032 ⁵2
1378 3979 1392 4025 ἵ
1620 3996 1627 4024 :
1713 3993 1735 4025 e.
1755 3976 1790 4026 65

1068 4095 1074 4123 :
1163 4073 1195 4118 Α,
1216 4071 1237 4113 V
1256 4071 1270 4117 ἷ
1378 4064 1392 4110 ἶ
1619 4081 1627 4110 τ
1713 4079 1737 4111 e.
1756 4062 1789 4111 dl

1068 4182 1073 4209 ς
1161 4174 1183 4204 e.
1205 4158 1239 4205 ld
1378 4149 1391 4195 ἶ
1620 4166 1627 4195 τ
1712 4164 1735 4198 e.
1756 4150 1790 4199 lis

1067 4269 1073 4296 :
1161 4256 1185 4290 e,
1205 4242 1235 4291 11
1379 4236 1392 4281 ἶ
1621 4253 1627 4281 τ
1712 4250 1735 4285 e.
1756 4234 1790 4282 159

1066 4354 1072 4381 1
1161 4345 1184 4375 e,
1205 4328 1239 4376 ⁴²
1378 4322 1392 4368 ἶ
1619 4339 1627 4368 :
1712 4336 1736 4369 e.
1756 4320 1791 4370 lo

1378 4408 1406 4420 ”
1620 4424 1625 4452 :
1712 4421 1736 4454 e.
1758 4406 1787 4454 ll

1620 4512 1626 4538 :
1712 4506 1736 4539 e.
1756 4491 1790 4540 72

1619 4596 1625 4623 t
1712 4592 1735 4624 e.
1756 4576 1791 4626 8⁰

1620 4683 1626 4709 ε
1711 4680 1735 4712 c.
1755 4664 1785 4712 81

1620 4770 1625 4796 :
1712 4765 1736 4796 e.
1756 4749 1790 4798 82

1620 4855 1626 4882 :
1711 4850 1736 4883 e.
1756 4834 1790 4883 83

1619 4941 1627 4970 :
1712 4936 1735 4970 e.
1755 4919 1791 4969 84

1620 5028 1626 5055 :
1712 5021 1735 5054 ο.
1755 5004 1790 5055 85

1620 5115 1625 5140 :
1711 5108 1734 5140 e.
1755 5091 1789 5140 86

1620 5199 1626 5227 :
1711 5192 1735 5224 e.
1755 5176 1788 5225 87

359 5464 385 5512 21
407 5467 547 5514 Ausonium
564 5468 633 5513 euius
653 5468 678 5513 iu
698 5469 894 5528 epigrammaton
913 5467 974 5514 lllro
992 5480 1020 5513 ea
1038 5466 1163 5517 carmlua.
1190 5463 1284 5525 qulbus
1301 5464 1401 5511 easdem
1420 5463 1460 5510 rel
1477 5462 1575 5511 almllct
1594 5474 1635 5509 raa
1651 5464 1814 5521 tractarent,
1834 5458 1904 5507 lntar

269 5565 298 5601 as
320 5551 485 5600 conluualaue
507 5554 594 5613 pullus
615 5566 690 5615 quam
714 5554 871 5603 dtrluuxtaau
892 5552 994 5602 dlaurtlu
1018 5552 1164 5601 lemmatum
1188 5550 1356 5608 mamutio,
1382 5549 1463 5597 rut-at
1480 5549 1509 5596 ln
1525 5560 1551 5595 a.
1571 5544 1657 5605 m,
1675 5544 1773 5603 XXVI,
1793 5542 1899 5595 xxvn

271 5639 406 5687 arlnrltur.
1914 5632 1920 5641 ·
