4358 6234
1107 336 1262 392 Avsoull

641 542 653 579 ·'›
707 536 739 593 ct
761 549 844 594 nnnc
867 528 1013 612 perpetui
1035 526 1136 592 sentis
1160 528 1218 592 sub
1241 525 1361 591 honore
1384 525 1543 609 sepulcri,

793 652 888 716 quam
911 650 1063 697 reverens
1084 638 1181 696 natac
1202 649 1362 713 quamque
1385 628 1433 694 tui
1454 648 1613 695 maneam.

707 736 838 801 caelebs
860 755 998 818 namque
1020 754 1122 818 gener
1144 733 1224 799 hacc
1246 754 1330 798 nono
1355 733 1407 816 pia
1432 752 1564 798 munera
1586 732 1694 796 solvo:

793 860 868 904 narn
892 845 925 903 et
946 838 1077 904 caelebs
1100 858 1274 920 numquam
1298 837 1441 902 desinam
1465 844 1498 902 et
1519 854 1593 902 esse
1615 854 1726 918 gener.

787 1216 842 1282 ll.
870 1218 1055 1282 ATTVSIA
1078 1216 1249 1282 LVOANA
1272 1215 1430 1281 SABINA
1453 1214 1582 1280 VXOR.

708 1391 870 1455 Hactenus
893 1397 928 1455 ut
950 1408 1056 1468 caros,
1084 1389 1131 1454 ita
1152 1390 1236 1455 iusto
1259 1389 1372 1455 funere
1394 1388 1486 1454 fletos
1833 1405 1880 1453 ros
1904 1404 2001 1461 quruj

792 1493 904 1557 functa
925 1492 988 1576 piis
1010 1492 1127 1558 cecinit
1148 1492 1244 1559 nenia
1265 1500 1375 1557 nostra
1396 1491 1511 1557 modis.

708 1617 809 1663 nunc.
837 1596 927 1660 dolor
949 1602 1046 1678 atque
1070 1616 1178 1662 cruces
1200 1617 1260 1662 neo
1282 1593 1509 1662 contrectabile
1532 1595 1673 1673 fulmen,

793 1699 938 1782 coniugis
961 1707 1091 1784 creptae
1114 1718 1198 1764 mors
1220 1698 1428 1764 memoranda
1450 1698 1539 1763 milri.

642 1851 647 1864 .
707 1802 825 1868 nobilis
847 1823 867 1867 a
889 1803 1017 1887 proavis
1041 1810 1073 1867 et
1095 1803 1218 1885 origine
1241 1803 1329 1867 clara
1353 1809 1500 1880 senatus,

793 1906 934 1971 moribus
958 1926 1059 1989 nsque
1083 1907 1174 1971 bonis
1197 1907 1286 1971 clara
1308 1906 1429 1971 Sabina
1452 1905 1575 1988 magis,

707 2016 738 2075 te
762 2009 887 2075 iuvenis
909 2009 1020 2094 primis
1044 2010 1111 2075 luxi
1135 2009 1289 2094 deceptus
1311 2010 1344 2074 in
1367 2009 1461 2074 annis

794 2133 914 2199 perque
937 2134 1052 2179 novem
1075 2114 1204 2179 caelebs
1227 2120 1259 2177 tc
1281 2112 1343 2178 fleo
1367 2112 1583 2197 olympiadas.

707 2238 766 2282 nec
789 2217 866 2282 licet
886 2217 1056 2282 obductum
1080 2217 1170 2283 senio
1193 2217 1299 2302 sopire
1322 2217 1480 2282 dolorem:

794 2339 920 2404 semper
942 2320 1102 2386 crudescit
1124 2342 1199 2386 nam
1222 2320 1302 2386 milri
1325 2339 1430 2404 poena
1453 2339 1574 2386 recens.

707 2423 880 2488 admittunt
902 2423 957 2487 alii
980 2424 1103 2489 solacia
1124 2424 1277 2508 temporis
1301 2424 1408 2506 aegri:

794 2527 874 2592 haec
896 2527 1046 2609 graviora
1069 2527 1146 2592 facit
1167 2528 1302 2592 vulnera
1325 2528 1422 2610 longa
1444 2525 1524 2591 (lies.

707 2637 837 2713 torqueo
860 2630 1013 2713 deceptos
1036 2650 1097 2713 ego
1119 2629 1187 2695 vita
1209 2629 1335 2694 caelibe
1358 2649 1471 2711 canos,

793 2753 919 2816 quoque
942 2734 1047 2817 magis
1070 2734 1174 2809 solus,
1203 2734 1264 2798 boc
1286 2753 1380 2816 mage
1403 2739 1546 2797 maestus
1569 2753 1642 2814 ago.

641 2885 646 2899 .
708 2837 821 2902 volnus
844 2837 917 2917 alit,
944 2836 1029 2919 qood
1052 2843 1140 2901 muta
1163 2836 1276 2901 domus
1299 2837 1374 2901 silet
1396 2843 1428 2901 et
1450 2842 1537 2900 torus
1559 2836 1664 2919 alget5

793 2938 880 3022 quod
903 2939 990 3004 mala
1011 2959 1074 3005 non
1098 2939 1261 3022 cuiquam,
1290 2959 1352 3003 non
1374 2940 1458 3004 bona
1480 2938 1646 3023 participo.

708 3065 851 3124 maereo,
879 3043 906 3107 si
929 3043 1068 3107 coniunx
1090 3043 1147 3107 alii
1170 3043 1272 3109 bona.
1298 3063 1426 3108 maereo
1450 3049 1576 3122 contra,

795 3147 823 3212 si
845 3147 947 3211 mala:
975 3147 1019 3211 ad
1042 3147 1225 3231 exemplum
1248 3154 1283 3212 tu
1306 3147 1385 3211 mihi
1408 3166 1535 3231 semper
1556 3147 1645 3212 ades.

709 3260 741 3316 tu
765 3251 842 3315 milri
867 3270 943 3315 crux
966 3251 1008 3315 ab
1032 3256 1166 3333 utraque
1189 3249 1298 3331 venis,
1324 3250 1393 3315 sive
1416 3256 1465 3314 est
1488 3250 1591 3323 mala,
1617 3251 1702 3332 quod
1726 3256 1760 3313 tu

795 3353 962 3419 dissimilis
984 3353 1101 3433 fucris,
1130 3372 1187 3418 seu
1211 3353 1311 3432 bona,
1339 3352 1422 3436 qood
1446 3353 1572 3417 similis.

709 3478 771 3522 non
794 3477 854 3539 ego
878 3476 957 3540 opes
980 3475 1091 3522 cassas
1114 3462 1146 3520 et
1166 3455 1276 3521 inania
1298 3456 1420 3539 gaudia
1442 3457 1576 3539 plango,

795 3560 853 3625 sed
874 3559 1002 3624 iuvenis
1024 3559 1133 3624 iuveni
1156 3559 1241 3641 qnod
1264 3557 1342 3623 mihi
1366 3565 1459 3642 rapta
1481 3559 1566 3623 viro:

709 3663 811 3739 laeta,
838 3662 971 3747 pudica,
998 3663 1124 3745 gravis,
1151 3682 1254 3745 genus
1277 3661 1388 3727 inclita
1411 3670 1444 3727 et
1465 3661 1576 3727 inclita
1598 3662 1716 3727 forma.

795 3774 827 3831 et
850 3766 940 3832 dolor
963 3773 1060 3848 atque
1084 3765 1183 3832 decus
1205 3765 1352 3847 coniugis
1374 3765 1520 3830 Ausonii.

624 3894 654 3931 κ’,
708 3890 792 3953 «quac
815 3870 908 3934 modo
933 3875 1083 3953 septenos
1106 3876 1218 3952 quator
1239 3868 1401 3952 inpletura
1423 3869 1634 3935 Decembres.

795 3973 917 4054 liquisti
941 3980 1048 4050 natos,
1076 3972 1213 4056 pignera
1234 3979 1359 4051 nostra,
1389 3973 1479 4037 dnos.

708 4076 765 4140 illa
788 4077 899 4140 favore
923 4075 994 4155 dei,
1021 4075 1104 4140 sicut
1126 4083 1182 4141 tua
1205 4082 1279 4141 vota
1301 4076 1445 4140 fuerunt.

794 4178 923 4255 florent,
951 4178 1069 4263 optatis
1091 4181 1294 4244 accumulata
1316 4179 1420 4244 bonis.

708 4290 741 4347 et
761 4302 889 4367 precor,
918 4290 952 4347 ut
975 4282 1106 4364 vigeant
1128 4284 1323 4365 tandemque
1347 4284 1518 4367 superstite
1542 4290 1676 4368 utroque

624 4408 653 4446 :ro
794 4385 919 4451 nuntiet
940 4387 1000 4450 lroo
1022 4385 1122 4450 cineri
1144 4393 1253 4452 nostra
1275 4386 1389 4451 t'avilla
1411 4393 1475 4451 tuo.

460 4678 510 4734 ll.
546 4684 560 4731 ³
586 4684 675 4742 Quint.
696 4683 716 4730 1.
738 4683 766 4731 Ο.
789 4684 833 4731 VI.
863 4682 972 4733 Prooem.
995 4683 1010 4731 5
1032 4684 1197 4732 insanabilem
1222 4684 1345 4744 dolorem,
1384 4685 1399 4731 li
1423 4685 1543 4733 oraxiuros
1565 4686 1702 4746 cruciatus,
1743 4683 1774 4733 lo
1798 4686 1863 4732 tanti
1887 4685 2005 4732 lnlmlnls

372 4769 386 4816 7
406 4770 481 4829 Verg.
503 4772 567 4818 Aen.
589 4772 638 4817 llll
662 4769 689 4818 17
710 4777 840 4832 postquam
859 4771 954 4832 primus
974 4783 1042 4817 antor
1060 4772 1188 4832 deceptam
1208 4777 1285 4818 morte
1305 4773 1398 4819 let'ellit
1484 4772 1500 4819 il
1520 4774 1595 4833 Verg.
1616 4774 1681 4821 Aen.
1702 4773 1726 4820 X
1744 4771 1777 4822 61
1796 4771 1934 4819 obductum
1949 4806 1955 4817 .
1972 4806 2001 4819 ..

370 4856 477 4903 dolorem
619 4856 649 4904 15
670 4856 732 4905 Stat.
754 4856 815 4905 Stlv.
836 4856 903 4909 111.
925 4855 955 4905 di
977 4863 1046 4904 muta
1063 4857 1151 4904 domus
1170 4862 1220 4904 stat
1360 4856 1392 4906 24
1412 4859 1488 4918 Verg.
1510 4860 1574 4908 Aen.
1596 4859 1620 4906 X
1639 4857 1687 4907 sot
1709 4873 1724 4904 o
1741 4859 1811 4906 dolor
1828 4862 1906 4919 atque
1924 4857 2003 4907 decus

371 4940 403 4989 25
423 4942 481 4990 llor.
504 4942 587 5003 Epist.
608 4942 680 5006 120,
703 4942 734 4990 tt
754 4957 793 4990 me
811 4948 899 5004 qnater
918 4943 1033 4991 undenos
1052 4944 1112 4990 solat
1131 4944 1270 5003 lrrplevlsse
1290 4944 1439 4992 Decembres

461 5214 492 5263 lb
510 5217 622 5263 reserens
645 5217 743 5265 Vcorr.
766 5216 846 5276 Lopd.
968 5217 998 5267 ll
1018 5233 1087 5266 nuuc
1105 5218 1165 5265 baec
1184 5219 1264 5280 Lupd.
1285 5222 1356 5281 oolpo
1477 5218 1506 5268 ts
1525 5222 1655 5283 celopsV
1764 5221 1864 5268 desinet
1886 5221 1913 5283 V,
1935 5219 2003 5268 desl-

372 5316 427 5348 narn
447 5311 473 5349 et
492 5302 623 5364 licinum
644 5317 679 5350 crs
696 5302 808 5352 desinam
828 5308 891 5362 ego?

460 5383 508 5438 ll·
545 5388 671 5437 leeclnlt
688 5388 1011 5453 V(texaotaideturm‘²)
1105 5392 1120 5437 :t
1140 5391 1260 5453 adqueV
1354 5393 1426 5439 tota
1444 5394 1472 5455 V,
1486 5393 1549 5440 clara
1561 5393 1643 5454 Laod.
1743 5382 2002 5453 limorib⁸l¹lsrrs23

374 5473 470 5521 ilnxu
490 5475 516 5532 V,
537 5475 592 5521 luxi
611 5476 665 5523 l'irs.
772 5475 908 5539 deceptnss
929 5477 1078 5539 quercs.)
1185 5478 1304 5540 Scelcps
1323 5480 1342 5524 V
1445 5478 1628 5541 olimpiadasl'
1732 5477 1763 5527 10
1782 5479 1853 5540 plage
1871 5478 2000 5537 Heinsius,

373 5572 454 5620 paese
475 5558 625 5623 Mammam
647 5560 681 5620 cs.
695 5559 748 5609 ind.
763 5576 783 5610 a.
799 5577 822 5611 v.
838 5576 918 5624 poena
1024 5561 1055 5611 13
1074 5553 1148 5610 rarr's
1172 5565 1198 5619 Υ,
1219 5577 1292 5612 canos
1312 5564 1392 5623 brrpd.
1519 5564 1548 5614 l'l
1568 5554 1649 5615 mere⁰
1667 5572 1753 5614 contra
1776 5567 1796 5612 V
1814 5554 1864 5623 lre⁰
1882 5568 1909 5615 trs
1925 5568 2003 5615 assu

371 5646 468 5695 tillem
485 5659 536 5694 roa.
555 5642 601 5707 m²)
707 5645 740 5696 tl
759 5646 887 5710 adqueV
990 5649 1023 5699 tt
1041 5651 1144 5713 plgnora
1163 5653 1230 5714 oolpo
1335 5651 1368 5701 28
1385 5654 1475 5700 obtatis
1499 5653 1519 5699 l'
