4448 6226
858 341 1067 396 EPISTVLAE
1086 341 1173 407 (xxi.
1194 342 1295 407 XXII).

601 530 724 597 amicus
746 538 779 597 et
800 531 925 598 vicinus
947 539 980 597 ct
1001 532 1107 598 fautor
1127 542 1217 614 tuus,

600 636 729 701 honoris
751 642 878 719 auctor,
903 637 986 702 altor
1006 637 1117 721 ingeni
1138 636 1197 702 tui.

601 739 653 804 dic
675 746 708 805 et
729 739 901 822 magister,
928 739 980 806 dic
1002 759 1137 825 parens,
1164 739 1217 804 dic
1239 740 1345 804 omnia

599 841 722 909 blanda
743 848 840 926 atque
862 850 974 907 sancta
997 843 1139 908 caritatis
1162 842 1292 907 nomina

599 946 746 1028 haveque
769 946 854 1011 dicto
878 945 930 1011 dic
951 946 1024 1010 vale
1047 953 1188 1011 actutum
1212 952 1244 1011 et
1266 945 1347 1011 redi.

599 1048 685 1132 quod
708 1050 735 1113 si
757 1049 898 1133 rogabit,
925 1049 1003 1131 quid
1026 1049 1273 1134 superscriptis
1296 1048 1387 1114 novis

515 1174 521 1209 :
599 1159 743 1217 maturus
765 1152 838 1217 aevi
860 1172 920 1217 nec
942 1151 1031 1217 rudis
1054 1151 1245 1233 diiudiccm‚

599 1256 723 1320 nescire
746 1255 852 1338 dices,
879 1255 938 1320 sed
960 1263 1106 1340 paratum
1129 1256 1193 1320 iarn
1216 1255 1284 1321 fore

599 1358 798 1424 heroicorum
820 1379 971 1425 versuum
993 1360 1125 1445 plenum
1149 1358 1310 1424 essedum.

599 1462 650 1527 cui
672 1462 852 1546 subiugabo
874 1463 915 1527 de
937 1464 1092 1527 ulularum
1115 1462 1321 1545 ambagibus,

598 1565 653 1647 qui
675 1565 850 1630 machinali
872 1585 953 1630 saxa
975 1567 1108 1631 volvunt
1129 1565 1288 1650 pondere,

514 1693 519 1703 ·
598 1669 740 1753 tripedes
762 1670 907 1735 caballos
929 1677 1021 1753 terga
1044 1677 1152 1754 ruptos
1175 1670 1326 1750 verbere,

560 1796 563 1801 ·
597 1773 648 1837 his
671 1780 707 1838 ut
727 1774 886 1839 vehantur
907 1781 972 1839 tres
995 1773 1124 1838 sodales
1146 1773 1260 1837 nuntii.

598 1877 663 1942 fors
686 1884 719 1943 et
739 1877 881 1959 rogabit,
908 1896 990 1959 quos
1012 1876 1142 1942 sodales
1165 1875 1287 1942 dixeris

598 1980 694 2045 simul
715 1980 841 2046 venire:
870 1979 939 2061 dic,
966 1979 1122 2044 trinodem
1144 1979 1307 2063 dactylum

598 2083 664 2148 vidi
686 2092 832 2167 paratum
855 2083 1010 2148 crucianti
1033 2082 1216 2148 cantherio:

598 2186 758 2271 spondeus
780 2186 829 2251 illi
851 2187 990 2270 lentipes
1012 2186 1081 2252 ibat
1102 2206 1226 2266 comes,

597 2290 728 2374 paribus
751 2296 891 2354 moratur
912 2289 966 2373 qui
989 2289 1068 2354 locis
1091 2309 1218 2355 cursum
1241 2309 1366 2370 mcum,

597 2392 739 2476 mihique
762 2392 895 2472 similis,
923 2412 1050 2477 semper
1071 2391 1228 2458 adversus
1250 2400 1375 2473 tamen,

597 2515 655 2560 nec
678 2516 737 2579 par
757 2515 817 2561 nec
838 2496 958 2580 impar,
984 2496 1039 2579 qui
1061 2493 1229 2560 trochaeus
1251 2495 1377 2559 dicitur.

596 2596 677 2663 haec
700 2598 770 2664 fare
793 2598 910 2664 cursim
932 2618 992 2664 uec
1013 2605 1154 2663 moratus
1176 2599 1324 2683 pervola,

597 2700 720 2785 aliquid
741 2708 908 2787 reportans
930 2701 1057 2767 interim
1080 2701 1261 2767 munusculi

598 2805 638 2870 de
661 2807 811 2889 largitate
833 2805 946 2870 musici
969 2805 1165 2890 promptarii.

787 3098 895 3163 XXII.
928 3098 1140 3164 AVSONIVS
1163 3098 1361 3163 PAVLINO.

1060 3252 1092 3319 l.

347 3408 465 3474 Multas
488 3416 521 3474 et
542 3408 726 3493 frequentes
749 3409 827 3474 mihi
850 3409 974 3492 gratiae
998 3415 1071 3473 tuoe
1094 3427 1210 3472 causus
1233 3414 1265 3472 et
1295 3407 1419 3473 occasio
1448 3408 1585 3474 subinde
1615 3417 1691 3475 nata
1721 3410 1890 3476 concinnat
1906 3423 1957 3474 111

261 3517 294 3577 et
315 3518 449 3577 naturae
472 3520 546 3578 urae
569 3513 707 3578 facilitas
729 3514 870 3596 benigna
893 3512 1050 3593 conciliat,
1078 3511 1213 3576 Pauline
1235 3510 1293 3575 fili.
1340 3532 1415 3576 nam
1445 3511 1521 3594 quia
1549 3512 1629 3577 nihil
1657 3520 1809 3598 poscente
1839 3535 1890 3580 me
1911 3493 1952 3556 (ω)

260 3614 386 3697 abnuis,
413 3616 518 3699 magis
540 3617 630 3681 acuis
653 3617 833 3702 procaciam
855 3637 954 3699 quom
976 3615 1132 3696 retundis,
1158 3623 1194 3681 ut
1215 3635 1301 3679 nunc
1323 3635 1450 3698 quoque
1471 3614 1504 3679 in
1529 3634 1628 3681 causa
1650 3616 1795 3682 Philonis
1816 3637 1891 3702 pro-

261 3717 415 3783 curatoris
438 3719 601 3802 quondam
624 3719 687 3784 mei
710 3719 895 3804 experiere,
929 3718 983 3803 qui
1006 3718 1092 3802 apud
1115 3718 1330 3800 Ebromagum
1354 3717 1489 3783 conditis
1515 3719 1689 3801 mercibus,
1724 3739 1805 3804 quas
1834 3740 1892 3805 per

228 3842 241 3879 1
261 3839 356 3902 agros
379 3821 525 3886 diversos
548 3822 673 3905 coemit,
701 3842 851 3889 concesso
874 3823 915 3887 ab
937 3822 1119 3887 hominibus
1142 3821 1205 3887 tuis
1228 3841 1306 3886 usus
1329 3821 1485 3906 hospitio,
1510 3821 1668 3888 inmature
1691 3823 1891 3907 periclitatur

261 3923 391 4007 expelli.
438 3925 609 4008 quodnisi
632 3924 803 3991 indulseris
827 3931 959 4008 rogante
982 3945 1051 4004 me,
1085 3930 1121 3990 ut
1143 3931 1176 3989 et
1197 3944 1287 3989 mora
1308 3924 1476 3990 habitandi
1498 3925 1541 3990 ad
1567 3926 1766 3992 commodum
1797 3947 1889 3992 suum

261 4031 368 4091 utatur
390 4035 422 4092 et
443 4048 545 4092 nauso
567 4029 673 4093 aliave
696 4049 760 4110 qua
783 4029 859 4093 navi
882 4049 984 4110 usque
1006 4027 1049 4092 ad
1071 4027 1223 4112 oppidum
1247 4027 1392 4111 praebita
1415 4027 1517 4110 frugis
1539 4028 1739 4111 aliquantum
1762 4037 1890 4095 nostrae

260 4128 378 4195 advehi
401 4131 511 4215 possit,
537 4131 738 4197 Lucaniacus
762 4138 796 4197 ut
819 4132 927 4216 inopia
949 4131 1103 4197 liberetur
1125 4138 1264 4195 mature:
1291 4139 1357 4197 tota
1378 4132 1437 4196 illa
1459 4130 1583 4196 familia
1605 4132 1743 4197 hominis
1758 4133 1890 4199 litterati

260 4251 323 4295 nou
345 4231 387 4296 ad
410 4234 510 4298 Tullii
533 4233 794 4316 frumentariam,
821 4235 879 4300 sed
902 4235 944 4300 ad
967 4235 1190 4301 Cureulionem
1213 4234 1319 4299 Plauti
1351 4235 1534 4319 pertinebit.
1582 4235 1642 4300 hoo
1670 4256 1733 4319 quo
1763 4235 1891 4302 facilius

210 4358 241 4398 1o
260 4332 465 4418 impetrarem
495 4344 552 4401 aut
581 4358 643 4418 quo
673 4339 826 4404 maiorem
857 4340 1012 4405 verereris
1043 4339 1239 4421 molestiam,
1273 4338 1300 4402 si
1330 4357 1486 4420 negares,
1526 4338 1744 4403 concinnatam
1775 4338 1891 4404 iambis

348 4613 380 4661 30
399 4616 472 4674 Verg.
495 4616 557 4664 Aen.
580 4614 602 4659 V
621 4615 652 4662 '13
671 4617 726 4662 aeui
746 4623 859 4663 maturus
1001 4615 1034 4663 39
1054 4616 1133 4664 Plani.
1155 4616 1225 4677 Capi.
1248 4615 1342 4675 11112,
1364 4615 1396 4663 31
1417 4615 1485 4677 (sis)
1508 4618 1552 4677 qui
1571 4616 1731 4664 advehuntur
1749 4616 1891 4677 quadrupe·

263 4699 336 4748 danti
354 4701 476 4747 crucianti
495 4700 622 4748 eantherio

349 4959 506 5010 15111111
573 4962 705 5021 ingenitur
794 4958 826 5009 27
845 4960 1010 5008 charitatisd'
1097 4958 1130 5008 28
1148 4974 1278 5021 avequem
1349 4968 1375 5007 et
1387 4964 1500 5007 actutum
1513 4973 1545 5020 ω,
1566 4964 1679 5007 actutum
1691 4966 1718 5009 et
1730 4959 1760 5009 L.
1778 4959 1888 5022 Mueller,

262 5061 297 5093 un
314 5051 340 5093 et
357 5045 508 5094 delendum?
654 5044 686 5093 32
705 5046 808 5093 caedum
828 5044 857 5091 M
997 5045 1030 5093 35
1049 5052 1138 5107 ruptas
1157 5044 1186 5091 M
1329 5044 1466 5093 36111111
1487 5043 1515 5090 M
1651 5044 1684 5094 38
1703 5047 1823 5095 dactilum
1843 5046 1895 5092 l'M

262 5130 292 5179 41
314 5135 362 5194 sur]
381 5136 439 5180 meir
459 5133 480 5179 Τ
585 5133 617 5181 to
637 5133 763 5194 promturil
784 5129 811 5176 M
816 5149 822 5189 ς
842 5134 950 5194 sertum
968 5134 1131 5194 promptuarii
1150 5131 1303 5180 scribendam
1320 5136 1355 5178 ast
1372 5135 1401 5178 ut
1419 5131 1574 5192 trisyllabum
1590 5133 1806 5191 pronuntiandum

348 5218 432 5268 111111.
472 5221 600 5267 Ausonius
619 5219 725 5267 Paulino
744 5216 779 5275 M,
800 5231 846 5265 sno
864 5217 922 5266 add.
945 5218 971 5279 Ε,
993 5218 1038 5267 sal.
1061 5219 1095 5279 pl.
1117 5219 1166 5267 dic'.
1191 5218 1220 5277 Τ,
1242 5233 1261 5267 s.
1282 5232 1306 5277 p.
1331 5217 1355 5265 d.
1375 5231 1434 5263 mua
1560 5211 1590 5266 l.
1628 5218 1637 5266 l
1660 5233 1748 5266 causas
1765 5232 1811 5267 111.
1836 5218 1857 5264 Τ

261 5310 320 5352 nata
337 5320 385 5353 om.
410 5304 431 5350 Τ
553 5306 700 5352 coricinnatc
720 5320 741 5352 ω
764 5305 963 5365 (correinuationc
982 5305 1010 5365 l),
1032 5308 1163 5352 concinnat
1181 5311 1207 5351 et
1230 5301 1301 5352 Veru⁴
1440 5303 1455 5351 2
1475 5305 1520 5362 tilij
1542 5303 1570 5349 M
1706 5306 1721 5352 3
1741 5307 1823 5354 dionis
1844 5304 1894 5351 TM

261 5383 432 5448 lhehrornaff
452 5391 481 5453 Τ,
503 5391 680 5450 hebromagum
699 5396 743 5439 cei.
764 5391 837 5449 uoipo
977 5391 1126 5439 homnibus
1147 5390 1168 5436 Τ
1306 5391 1412 5437 imature
1433 5388 1468 5450 M,
1495 5391 1622 5437 inmaturo
1642 5391 1670 5450 E,
1694 5393 1827 5439 immature
1845 5395 1888 5441 111.

262 5474 357 5544 iqua]
374 5479 462 5539 quavis
482 5477 505 5524 Ε
520 5479 591 5537 volpe
697 5478 754 5524 navi
774 5472 867 5541 usque]
885 5478 993 5544 uauimq;
1017 5477 1037 5522 Τ
1140 5477 1216 5537 opidr'r
1237 5476 1258 5521 Τ
1361 5477 1546 5537 aliquantulum
1564 5477 1607 5541 χΕ
1623 5479 1695 5557 oolpo
1812 5475 1892 5525 ilde-

260 5564 320 5611 uchi
339 5562 368 5609 M
476 5564 633 5613 9111111111
654 5564 753 5624 Tuon,
773 5563 925 5611 culiocoucrn
944 5565 961 5625 1,
983 5564 1147 5612 circuliouem
1165 5578 1197 5622 m,
1220 5563 1388 5609 curculionem
1407 5578 1425 5609 u
1537 5561 1568 5611 111
1588 5565 1682 5611 uereris
1703 5562 1785 5623 Timo,
1807 5577 1892 5611 uerre-

263 5652 298 5698 111
317 5649 376 5712 ΜΒ,
396 5651 520 5699 uerarcris
538 5667 553 5696 υ
659 5651 733 5698 iambi
755 5647 814 5711 TM,
834 5649 924 5697 iambis
942 5655 986 5699 cet.
