4358 6234
1007 304 1160 360 AVSONII

605 494 787 577 coniugium
810 513 867 578 per
890 495 991 559 lustra
1012 514 1129 560 novem
1153 494 1222 559 sine
1246 493 1394 573 crimine,
1422 513 1552 559 concors

689 619 786 663 unum
808 598 922 663 habui:
951 605 1043 663 natos
1066 604 1216 681 quattuor
1237 597 1410 663 edidimus.

603 701 707 784 prima
729 699 808 765 obiit
830 700 968 765 lactans:
995 706 1029 764 at
1051 701 1107 782 qui
1129 700 1190 766 fuit
1212 701 1344 766 ultimus
1367 700 1456 779 aevi,

688 803 857 887 pubertate
879 801 951 868 rudi
974 823 1037 868 non
1059 802 1149 869 rudis
1171 803 1304 869 interiit.

602 907 761 972 maximus
783 905 826 971 ad
848 925 1006 972 summum
1030 907 1176 973 columen
1199 907 1345 992 pervenit
1366 908 1537 985 honorum,

689 1009 873 1094 praefectus
896 1009 1003 1075 Gallis
1026 1016 1059 1076 et
1081 1010 1205 1095 Libyae
1228 1018 1260 1077 et
1282 1010 1391 1091 Latio,

602 1114 809 1196 tranquillus,
837 1114 994 1194 clemens,
1023 1114 1140 1195 oculis,
1169 1135 1262 1195 voce,
1290 1109 1344 1180 ore
1368 1134 1519 1193 serenus,

688 1218 721 1282 in
744 1217 890 1300 genitore
914 1237 971 1283 suo
994 1225 1101 1284 mente
1124 1219 1293 1302 animoque
1316 1224 1419 1303 pater.

536 1343 549 1378 ε,
602 1320 697 1386 buius
721 1341 781 1404 ego
805 1328 837 1386 et
859 1328 970 1387 natum
992 1329 1024 1387 et
1045 1341 1199 1404 generum
1221 1342 1278 1406 pro
1301 1322 1431 1387 consule
1454 1320 1539 1385 vidi:

688 1426 798 1490 consul
822 1432 857 1490 ut
878 1425 949 1508 ipse
972 1425 1068 1503 foret,
1097 1445 1172 1510 spes
1194 1426 1273 1491 mibi
1297 1431 1386 1490 certa
1408 1424 1479 1490 fuit.

603 1529 780 1594 matronale
803 1527 903 1593 decus
926 1529 1070 1613 possedit
1092 1529 1179 1610 filia,
1206 1529 1296 1594 cuius

690 1632 823 1716 egregia
845 1638 878 1698 et
898 1640 1018 1716 nuptae
1041 1633 1113 1698 laus
1137 1639 1206 1697 erat
1228 1640 1260 1698 et
1282 1632 1412 1699 viduae.

604 1757 687 1819 quae
710 1737 777 1800 nati
800 1735 975 1818 generique
998 1742 1030 1800 et
1052 1735 1222 1821 progeneri
1246 1736 1342 1802 simul
1365 1736 1506 1801 omnium

691 1840 863 1924 multiplici
884 1838 1036 1904 inlustres
1059 1838 1141 1904 vidit
1163 1839 1283 1905 honore
1307 1838 1428 1904 domos.

604 1945 676 2028 ipse
699 1963 759 2010 nec
781 1945 937 2008 affectans
959 1962 1020 2009 nec
1043 1942 1236 2010 detrectator
1257 1945 1411 2009 honorum

691 2046 873 2132 praefectus
895 2047 1006 2130 magni
1027 2067 1194 2132 nuncupor
1215 2047 1349 2131 Illprici.

605 2151 685 2215 baec
708 2171 760 2216 me
782 2149 930 2215 fortunae
953 2150 1046 2232 larga
1068 2149 1270 2233 indulgentia
1293 2150 1396 2216 suasit

692 2252 821 2318 numine
844 2252 975 2318 adorato
998 2253 1084 2318 vitae
1108 2253 1229 2319 obitum
1252 2259 1380 2337 petere,

522 2380 551 2418 ss
605 2377 645 2422 ne
668 2355 848 2421 fortunatae
872 2355 1010 2441 spatium
1032 2355 1219 2421 inviolabile
1242 2356 1329 2421 ritae

691 2459 784 2525 fatali
807 2479 915 2524 morsu
939 2459 1111 2542 stringeret
1133 2460 1201 2524 ulla
1223 2459 1304 2525 dies.

605 2562 726 2646 optinui
749 2562 946 2644 auditaeque
970 2582 1100 2646 preces:
1127 2582 1216 2647 spem
1240 2570 1315 2628 vota
1336 2563 1481 2627 timorem

692 2666 815 2750 sopitus
837 2665 964 2750 placido
987 2664 1050 2730 fine
1073 2666 1218 2748 relinquo
1241 2665 1327 2730 aliis.

605 2769 687 2834 inter
708 2776 904 2837 maerentes.
933 2768 1076 2834 sednon
1098 2789 1159 2852 ego
1181 2775 1344 2837 maestus.
1371 2768 1491 2834 amicos

522 2896 552 2935 co
692 2872 858 2957 dispositis
880 2872 966 2937 iacui
988 2872 1109 2939 funeris
1131 2873 1283 2938 arbitriis.

605 2977 780 3059 nonaginta
801 2995 905 3041 annos
926 2976 1042 3042 baculo
1065 2976 1150 3041 sine.
1179 2995 1309 3061 corpore
1332 2981 1398 3040 toto

693 3080 804 3162 exegi,
832 3080 954 3145 cunctis
976 3080 1102 3163 integer
1124 3079 1250 3145 officiis.

608 3184 686 3248 baec
709 3183 901 3266 quicumque
924 3183 1032 3266 leges,
1058 3203 1121 3248 non
1143 3183 1359 3268 aspernabere
1383 3181 1463 3245 lari:

693 3287 769 3352 talis
792 3287 859 3350 vita
881 3286 958 3359 tibi,
984 3286 1093 3369 qualia
1116 3295 1190 3351 rota
1212 3286 1302 3350 mibi.

808 3862 904 3960 llll.
939 3864 1010 3960 DE
1043 3863 1365 3960 HEREDIOLO.

931 4091 963 4157 l.
989 4093 1243 4159 PRAEFATIO.

361 4269 441 4334 Cum
471 4267 513 4333 de
543 4267 664 4352 palatio
687 4274 758 4351 post
780 4266 897 4330 multos
920 4286 1022 4330 annos
1045 4266 1313 4332 honoratissimus
1335 4268 1453 4351 qnippe
1476 4269 1539 4333 iam
1564 4269 1673 4333 consul
1697 4267 1835 4333 redisset
1855 4266 1900 4332 ad
1915 4284 1953 4337 su·

275 4373 427 4457 patrium.
462 4371 608 4435 villulam
639 4389 734 4452 qnam
765 4376 858 4453 pater
884 4368 1021 4450 liquerat
1044 4369 1260 4452 introgressus
1284 4370 1335 4434 bis
1358 4370 1504 4434 versibus
1526 4370 1604 4435 lusit
1627 4370 1792 4435 Luciliano
1814 4370 1901 4435 stilo.

362 4667 393 4715 δῖ
413 4680 513 4715 consors
531 4683 552 4714 ω
660 4663 693 4711 :ts
712 4670 781 4712 natos
800 4665 845 4711 tris
863 4677 967 4711 numero
985 4665 1101 4722 gariudos
1195 4672 1281 4725 gnatos
1299 4668 1370 4726 culpo
1463 4666 1496 4713 39
1514 4672 1536 4712 et
1554 4667 1587 4715 40
1604 4680 1653 4715 orn.
1674 4683 1696 4715 ω
1801 4665 1835 4714 39
1853 4667 1904 4715 lne-

275 4762 333 4803 tens
351 4754 434 4815 Laod.
448 4755 520 4814 colpe
625 4751 655 4799 ad
672 4751 692 4794 l'
706 4746 780 4812 (cml)
888 4749 917 4797 ll
939 4749 1053 4798 columen
1071 4748 1113 4801 t't.
1134 4751 1233 4798 culmen
1252 4757 1296 4800 cet.
1323 4752 1430 4807 pulmon
1451 4766 1576 4800 summum
1599 4753 1626 4811 Τ;
1733 4751 1768 4801 42
1785 4754 1860 4801 libias
1875 4753 1903 4809 l',

275 4843 356 4900 lybiae
378 4838 412 4890 lt
517 4838 550 4888 43
568 4852 617 4887 ons
638 4854 660 4886 ω
680 4837 779 4895 (laem
798 4840 825 4884 ia
846 4835 945 4883 Tlmb'
959 4836 1106 4896 significatu·
1210 4850 1251 4883 ors
1274 4838 1294 4880 l'
1315 4853 1341 4897 μ.
1361 4854 1385 4885 o.
1405 4835 1443 4885 m?
1572 4839 1604 4887 sl
1622 4838 1659 4897 es.
1678 4840 1750 4899 epist.
1772 4839 1788 4885 1
1806 4841 1838 4887 13
1850 4853 1903 4901 sqq.

275 4927 307 4975 l's'
326 4927 439 4991 possidet
462 4927 482 4973 Τ
499 4925 619 4988 (possedit
637 4924 710 4971 comt
842 4920 876 4970 lb
894 4923 1008 4981 aegregla
1032 4922 1052 4964 l'
1181 4919 1214 4970 49
1231 4936 1275 4983 pro
1294 4906 1341 4983 grie
1360 4926 1405 4971 tris
1427 4924 1455 4973 Τ.
1476 4922 1678 4986 progeneretrit
1809 4925 1905 4974 or‘r'mT

275 5013 308 5059 50
326 5012 472 5060 illustrcsm
566 5009 596 5058 bl
617 5009 767 5058 detrectator
783 5006 855 5059 trs.
870 5006 1076 5058 detractatores.
1172 5006 1205 5055 52
1225 5008 1336 5066 byllyrici
1356 5010 1447 5070 l'qris.
1463 5027 1485 5055 v.
1500 5008 1555 5061 ruff..
1571 5010 1692 5059 illirici?
1779 5012 1814 5060 53
1833 5006 1904 5076 hue]

276 5099 359 5147 uecT
427 5101 545 5146 lurturme
563 5097 664 5156 l'qeorr.
680 5092 725 5151 ιη’)
808 5095 887 5141 sumit
904 5093 1020 5151 l'2sttr'u
1032 5091 1142 5140 uram*-
1225 5093 1256 5141 bl
1277 5094 1358 5142 bitum
1376 5095 1403 5147 Τ,
1418 5096 1530 5143 habitum
1544 5095 1610 5162 λχδ.
1625 5100 1720 5145 abitum
1736 5097 1803 5145 Med.
1817 5100 1901 5158 culpo:

275 5185 380 5244 sortasse
397 5186 484 5233 mitem
503 5185 598 5232 obitum
703 5179 737 5228 56
755 5170 824 5227 tatllt
841 5174 952 5237 l'qumit
1034 5178 1148 5226 admorsu
1162 5194 1184 5226 υ
1197 5180 1269 5238 roton
1285 5180 1419 5237 „udnrorsus
1432 5188 1545 5241 ungcoet
1558 5180 1580 5231 λ·
1688 5183 1720 5231 ot
1740 5186 1841 5248 optinui
1858 5181 1905 5244 ss,

274 5273 372 5320 obtinui
391 5278 434 5319 «t.
542 5270 625 5317 timori
648 5264 683 5316 Ti
787 5265 821 5314 58
839 5266 954 5327 sospitas
976 5263 996 5308 l'
1013 5274 1123 5321 pssum
1231 5266 1305 5313 duem
1328 5265 1348 5310 l'
1368 5281 1399 5323 =m
1418 5281 1481 5316 ears.
1517 5269 1537 5315 Τ
1642 5269 1676 5318 59
1693 5268 1870 5319 moerentes]

276 5363 387 5404 moesms
408 5354 443 5405 n
547 5357 643 5403 amicos
665 5353 685 5399 t'
704 5355 775 5413 (eon.
795 5349 842 5413 ml]
958 5348 992 5398 bd
1010 5352 1077 5397 ueni
1101 5349 1120 5394 l'
1233 5349 1263 5398 ol
1285 5354 1358 5399 aunis
1379 5353 1400 5398 Y
1503 5355 1642 5416 torpore?
1746 5355 1781 5407 63
1798 5358 1907 5420 quicu-

275 5454 325 5501 que
346 5439 383 5490 Tl
487 5440 520 5490 tl
539 5448 597 5489 nom
619 5440 645 5500 ι’,
666 5453 732 5488 noua
754 5438 782 5497 T,
802 5446 860 5487 uota
879 5436 909 5491 Ε,
930 5448 996 5483 nous
1013 5440 1057 5482 cel.
1166 5435 1235 5484 llult
1252 5438 1382 5515 epicedion
1400 5439 1428 5487 tu
1446 5448 1542 5501 umen
1564 5440 1592 5495 l.
1611 5440 1683 5490 riute
1698 5439 1871 5507 „radul

363 5525 422 5575 xli.
460 5527 543 5589 lueipt
561 5527 593 5574 de
610 5525 718 5574 oredlolo
735 5525 859 5588 praelatio
876 5525 903 5570 lu
917 5534 989 5584 prou
1005 5520 1025 5564 l'
1135 5517 1163 5571 l.
1204 5520 1214 5569 1
1234 5524 1268 5583 qd
1286 5522 1306 5567 l‘
1406 5522 1575 5588 indigum
1590 5525 1675 5587 [qd.
1687 5528 1762 5589 vulp
1862 5526 1907 5581 h-

275 5615 348 5661 clauo
369 5612 395 5671 l',
418 5612 546 5660 Luellluuo
564 5611 630 5659 aar.
653 5611 696 5669 (es.
718 5610 749 5659 1..
771 5610 875 5657 Mueller
894 5607 973 5656 sus.
992 5621 1019 5667 p.
1034 5609 1093 5659 Μ,
1113 5612 1165 5657 aa
1181 5611 1231 5659 wz
1250 5608 1315 5657 adde
1332 5624 1357 5657 o.
1375 5610 1395 5657 l.
1415 5608 1516 5663 Mn.
1533 5614 1562 5661 {l
