4358 6234
895 341 1153 401 PROFESSORES
1173 344 1273 408 ,XVII
1862 347 1903 408 65

283 621 340 688 14.
363 621 537 689 CITARIO
560 619 713 686 SICVLO
735 619 1017 687 SYRACVSANO
1041 620 1326 688 GRAMMATICO
1350 619 1671 685 BVRDIGALENSI
1701 618 1885 685 GRAECO.

607 776 664 857 Et,
691 774 792 841 Citari
815 774 950 856 dilecte,
976 775 1054 841 mibi
1077 774 1314 855 memorabere,
1341 775 1460 858 dignus
1748 794 1798 843 soe
1830 794 1903 852 uun

693 878 920 961 grammaticos
942 877 1025 943 inter
1046 878 1101 961 qul
1124 879 1286 944 celebrere
1308 879 1418 944 bonos.

607 987 695 1045 esset
715 980 894 1046 Aristarchi
915 980 974 1046 tibi
997 980 1101 1064 gloria
1123 981 1359 1063 Zenodotique,

694 1082 812 1148 Graios
834 1083 985 1165 antiquus
1008 1084 1036 1148 si
1059 1091 1246 1168 sequeretur
1268 1084 1380 1148 bonos.

541 1210 553 1248 ι
608 1185 822 1267 carminibus,
848 1206 931 1269 quae
954 1186 1057 1270 prima
1079 1187 1142 1252 tuis
1165 1194 1240 1252 sunt
1262 1187 1391 1253 condita
1413 1187 1446 1251 in
1469 1188 1582 1265 annis,

694 1288 841 1355 concedit
863 1288 920 1355 Cei
942 1308 1035 1354 musa
1059 1289 1246 1355 Simonidei.

609 1393 686 1457 urbe
709 1400 799 1457 satus
822 1391 932 1457 Sicula
953 1399 1094 1457 nostram
1118 1394 1307 1477 peregrinus
1330 1394 1442 1472 adisti,

694 1495 855 1560 excultam
878 1494 993 1560 studiis
1015 1515 1111 1577 quam
1134 1516 1234 1580 prope
1257 1495 1457 1561 reddideras.

607 1599 792 1682 coniugium
814 1605 951 1662 nanctus
974 1597 1035 1663 cito
1057 1598 1173 1664 nobilis
1197 1606 1229 1663 et
1251 1599 1437 1684 locupletis,

525 1725 553 1764 rc
694 1701 817 1766 invidia
839 1701 898 1766 sati
921 1721 983 1765 non
1006 1701 1132 1783 genitor
1154 1701 1298 1767 moreris.

607 1815 640 1870 at
662 1825 720 1870 nos
743 1803 930 1870 defunctum
952 1805 1084 1870 memori
1108 1805 1308 1870 celebramus
1331 1806 1468 1888 honore,

694 1907 831 1973 fovimus
854 1914 890 1973 ut
911 1908 1019 1972 vivum
1043 1928 1174 1973 munere
1197 1908 1370 1974 amicitiae.

635 2148 690 2214 15.
717 2148 930 2215 CENSORIO
953 2148 1111 2214 ATTICO
1134 2149 1311 2215 AGRICIO
1335 2148 1537 2216 RHETORI.

606 2304 733 2388 Eloquii
750 2305 869 2369 merito
891 2303 1003 2389 primis
1025 2302 1212 2387 aequande,
1238 2303 1344 2383 fuisti,
1732 2323 1782 2372 aot
1806 2322 1900 2380 (xrur)

692 2407 819 2490 Agrici,
847 2407 970 2492 positus
994 2407 1168 2491 posteriore
1190 2408 1276 2487 loco,

606 2530 686 2575 aevo
709 2510 938 2594 quiquoniam
961 2510 1090 2593 genitus
1113 2509 1304 2592 functusque
1327 2508 1465 2590 recenti,

693 2613 813 2678 dilatus
836 2613 945 2695 nobis,
971 2632 1035 2677 non
1058 2619 1091 2677 et
1112 2614 1250 2678 omissus
1273 2632 1356 2677 eras.

540 2739 552 2777 ι
606 2736 806 2800 quocumque
827 2715 861 2780 in
884 2735 1033 2797 numero,
1059 2715 1142 2781 tristi
1166 2715 1383 2781 memorabere
1405 2715 1535 2781 threno:

692 2838 776 2884 nnus
798 2819 899 2884 bonos
921 2818 1056 2899 tumuli,
1083 2837 1175 2884 serus
1198 2827 1231 2884 et
1253 2825 1328 2883 ante
1353 2817 1459 2883 datus.

606 2931 672 2988 tarn
695 2921 825 3006 generis
847 2921 906 2988 tibi
928 2923 1034 2987 celsus
1056 2942 1139 3006 apex
1162 2943 1259 3004 quarn
1282 2921 1387 3005 gloria
1409 2920 1515 3000 fandi,

694 3026 797 3109 gloria
818 3025 978 3091 Athenaei
1001 3025 1129 3108 cognita
1151 3025 1229 3090 sede
1252 3024 1325 3089 loci.

606 3129 744 3195 Nazario
767 3136 801 3195 ct
822 3128 909 3194 claro
932 3128 1093 3211 quondam
1115 3127 1225 3193 delata
1249 3128 1383 3193 Paterae

524 3254 551 3293 ιι
693 3231 825 3315 egregie
849 3232 966 3297 multos
989 3230 1129 3296 excoluit
1151 3230 1297 3296 iuvenes.

607 3335 743 3419 coniuge
765 3355 850 3400 nunc
871 3334 1018 3416 natisque
1042 3333 1267 3416 superstitibus
1289 3353 1472 3416 generoque

692 3437 849 3503 maiorum
871 3457 983 3502 manes
1006 3445 1039 3502 et
1061 3444 1266 3511 monumenta
1288 3436 1389 3502 foves.

575 3678 632 3747 16.
654 3678 903 3744 NEPOTIANO
927 3677 1211 3744 GRAMMATICO
1234 3676 1370 3741 EIDEM
1393 3676 1594 3742 RHETORI.

606 3835 741 3912 Facete,
769 3832 887 3913 comis,
913 3833 1019 3897 animo
1041 3832 1184 3898 iuvenali
1207 3833 1325 3911 senex,

607 3937 659 4002 cui
681 3936 759 4001 lello
783 3937 889 4016 nullo,
916 3936 1012 4001 melle
1034 3937 1134 4001 multo
1157 3956 1247 4001 rnens
1269 3934 1405 4001 madens

606 4059 723 4105 aevum
746 4059 806 4123 per
829 4059 923 4104 omne
945 4038 990 4103 nil
1014 4059 1157 4103 amarum
1180 4039 1325 4116 miscuit,

606 4143 747 4208 medella
769 4142 885 4223 nostri,
912 4142 1109 4226 Nepotiane,
1137 4142 1291 4226 pectoris:

539 4271 551 4308 ι
604 4253 669 4309 tam
693 4245 848 4311 seriorum
871 4265 966 4326 quam
989 4244 1128 4310 iocorum
1151 4244 1330 4329 particeps,

606 4349 780 4429 taciturne,
808 4347 962 4432 Amyclas
983 4348 1038 4430 qui
1061 4347 1186 4414 silendo
1209 4346 1343 4429 viceris,

607 4459 640 4517 te
662 4451 862 4517 fabulantem
885 4471 948 4516 non
971 4451 1083 4515 Vlixes
1106 4451 1281 4533 linqueret,

606 4554 700 4637 liquit
722 4561 876 4620 canentes
900 4554 955 4636 qui
977 4553 1121 4618 melodas
1144 4553 1305 4637 virgines:

359 4762 407 4818 lo.
443 4765 459 4815 6
480 4767 555 4826 Verg.
577 4768 641 4813 Aen.
663 4763 687 4811 x
708 4763 757 4811 564
777 4765 858 4811 tacitis
879 4799 929 4810 ...
952 4763 1062 4821 Amyclis

316 4886 404 4893 ‚.-.-.—

358 4950 407 5005 14.
444 4953 594 5003 ὃίῐωιιιωο
611 4954 745 5014 gramatico
763 4952 880 5012 Rurdlgsl
897 4951 974 4999 Creco
996 4951 1015 4997 V
1154 4950 1164 4998 l
1186 4952 1264 5012 cipari
1280 4952 1377 4999 delecte
1399 4951 1509 5011 Vlcorr.
1530 4946 1577 5010 ml)
1725 4949 1846 4999 lecture
1871 4950 1896 5010 V,

269 5040 395 5088 celebrere
414 5039 494 5099 Laod.
629 5038 763 5098 Agrauior
785 5037 813 5098 V,
834 5036 966 5084 Graiorum
988 5035 1109 5097 Goeopica
1127 5039 1207 5097 colpe,
1227 5036 1313 5085 Graloa
1331 5050 1376 5097 epo
1498 5026 1598 5097 anth'e
1624 5037 1642 5082 V
1774 5037 1789 5085 5
1809 5026 1861 5085 snit
1885 5039 1904 5084 l'

272 5121 355 5188 (nvn'l
461 5124 542 5174 boen
559 5125 587 5185 V,
605 5125 729 5173 CelScol.
836 5122 974 5185 8propere
992 5123 1095 5172 dederas
1115 5121 1251 5171 Mommsen
1355 5122 1477 5171 {lutatus
1502 5122 1578 5183 Vlac
1596 5136 1625 5168 ea
1643 5137 1683 5183 uc,
1703 5130 1731 5172 ut
1745 5123 1898 5183 oldetcrm'll

273 5211 304 5259 ro
325 5193 424 5260 murari
445 5211 545 5259 van.
566 5208 648 5270 cupa.
757 5208 785 5257 ιι
807 5209 836 5256 ιι
862 5208 920 5267 ro
936 5205 981 5268 mr)

359 5293 408 5348 lo.
444 5297 549 5356 Agryclo
563 5295 700 5344 Mommsen
803 5297 881 5342 retori
899 5294 919 5340 V
1022 5293 1037 5341 2
1056 5295 1145 5356 Agrico
1157 5296 1254 5356 positus
1267 5295 1308 5342 bic
1321 5293 1415 5355 boys,
1436 5295 1521 5354 Agrlcl
1539 5295 1581 5342 bic
1594 5296 1692 5357 positus
1711 5297 1778 5343 Sccl.
1796 5297 1866 5356 cctpo

271 5384 403 5446 posteriori
424 5383 444 5429 V
559 5378 712 5430 Satheneel
735 5382 755 5428 V
774 5382 800 5442 (n
818 5395 846 5428 ex
864 5394 899 5440 m,
920 5381 928 5427 i
946 5382 1021 5439 erce.)
1124 5385 1179 5441 post
1197 5397 1220 5430 v.
1241 5384 1257 5429 8
1275 5380 1380 5441 sortem
1399 5380 1521 5429 intercidet
1539 5380 1660 5429 distichon
1780 5382 1810 5433 lo
1830 5397 1901 5443 agre·

271 5470 326 5531 gloc
348 5469 369 5515 V
471 5469 515 5530 qui
533 5468 644 5516 excoluit
665 5468 719 5515 Vin.
820 5495 824 5501 -

357 5549 409 5606 18.
443 5553 543 5616 grm‘r'rffi
555 5535 591 5601 dd
601 5554 677 5602 rator!
692 5552 712 5600 V
815 5550 831 5601 2
849 5553 904 5601 telll
921 5552 1022 5615 Vlcorr.
1038 5550 1082 5614 m2)
1189 5550 1205 5599 4
1224 5553 1302 5600 nostri
1314 5553 1420 5601 medaba
1437 5553 1504 5616 Via,
1525 5552 1638 5601 medulla
1656 5554 1735 5600 nostrl
1748 5554 1867 5603 Heinsius

269 5639 406 5689 Oenidae
427 5638 448 5687 V
551 5638 665 5703 811an
687 5639 709 5687 V

346 5738 468 5783 Ammo.
1682 5745 1697 5792 a
