<?xml version="1.0" encoding="UTF-8"?>
<!DOCTYPE html PUBLIC "-//W3C//DTD XHTML 1.0 Transitional//EN"
    "http://www.w3.org/TR/xhtml1/DTD/xhtml1-transitional.dtd">
<html xmlns="http://www.w3.org/1999/xhtml" xml:lang="en" lang="en">
 <head>
  <title>
</title>
<meta http-equiv="Content-Type" content="text/html;charset=utf-8" />
  <meta name='ocr-system' content='tesseract 3.04.00' />
  <meta name='ocr-capabilities' content='ocr_page ocr_carea ocr_par ocr_line ocrx_word'/>
</head>
<body>
  <div class='ocr_page' id='page_1' title='image "./dmagniavsoniiop00ausogoog_0189.png"; bbox 0 0 4358 6234; ppageno 0'>
   <div class='ocr_carea' id='block_1_1' title="bbox 752 326 1437 397">
    <p class='ocr_par' dir='ltr' id='par_1_1' title="bbox 752 326 1437 397">
     <span class='ocr_line' id='line_1_1' title="bbox 752 326 1437 397; baseline 0.004 -15"><span class='ocrx_word' id='word_1_1' title='bbox 752 326 947 383; x_wconf 84' lang='lat' dir='ltr'>CAESARES</span> <span class='ocrx_word' id='word_1_2' title='bbox 969 329 1065 392; x_wconf 76' lang='lat' dir='ltr'>(XXI).</span> <span class='ocrx_word' id='word_1_3' title='bbox 1104 329 1154 383; x_wconf 90' lang='lat' dir='ltr'>DE</span> <span class='ocrx_word' id='word_1_4' title='bbox 1173 329 1306 385; x_wconf 80' lang='lat' dir='ltr'>EASTIS</span> <span class='ocrx_word' id='word_1_5' title='bbox 1326 331 1437 397; x_wconf 77' lang='lat' dir='ltr'>(XXII).</span> 
     </span>
    </p>
   </div>
   <div class='ocr_carea' id='block_1_2' title="bbox 792 761 1408 830">
    <p class='ocr_par' dir='ltr' id='par_1_2' title="bbox 792 761 1408 830">
     <span class='ocr_line' id='line_1_2' title="bbox 792 761 1408 830; baseline 0.005 -4"><span class='ocrx_word' id='word_1_6' title='bbox 792 761 1043 827; x_wconf 78' lang='lat' dir='ltr'>ANTONINVS</span> <span class='ocrx_word' id='word_1_7' title='bbox 1066 761 1408 830; x_wconf 81' lang='lat' dir='ltr'>HELIOGABALVS.</span> 
     </span>
    </p>
   </div>
   <div class='ocr_carea' id='block_1_3' title="bbox 617 950 1914 1140">
    <p class='ocr_par' dir='ltr' id='par_1_3' title="bbox 617 950 1914 1140">
     <span class='ocr_line' id='line_1_3' title="bbox 617 950 1914 1038; baseline 0.008 -23"><span class='ocrx_word' id='word_1_8' title='bbox 617 951 708 1016; x_wconf 82' lang='lat' dir='ltr'>Tune</span> <span class='ocrx_word' id='word_1_9' title='bbox 732 950 828 1016; x_wconf 88' lang='lat' dir='ltr'>etiarn</span> <span class='ocrx_word' id='word_1_10' title='bbox 853 950 1019 1035; x_wconf 78' lang='lat' dir='ltr'><strong>Augustae</strong></span> <span class='ocrx_word' id='word_1_11' title='bbox 1043 951 1130 1016; x_wconf 88' lang='lat' dir='ltr'>sedis</span> <span class='ocrx_word' id='word_1_12' title='bbox 1152 952 1331 1035; x_wconf 85' lang='lat' dir='ltr'>penetralia</span> <span class='ocrx_word' id='word_1_13' title='bbox 1353 952 1481 1033; x_wconf 87' lang='lat' dir='ltr'>foedas,</span> <span class='ocrx_word' id='word_1_14' title='bbox 1708 976 1824 1024; x_wconf 83' lang='lat' dir='ltr'>xxvnr</span> <span class='ocrx_word' id='word_1_15' title='bbox 1844 975 1914 1038; x_wconf 75' lang='lat' dir='ltr'>met)</span> 
     </span>
     <span class='ocr_line' id='line_1_4' title="bbox 699 1054 1353 1140; baseline 0.002 -21"><span class='ocrx_word' id='word_1_16' title='bbox 699 1054 931 1120; x_wconf 85' lang='lat' dir='ltr'>Antoninorum</span> <span class='ocrx_word' id='word_1_17' title='bbox 953 1055 1083 1121; x_wconf 89' lang='lat' dir='ltr'>nomina</span> <span class='ocrx_word' id='word_1_18' title='bbox 1106 1055 1191 1121; x_wconf 85' lang='lat' dir='ltr'>falsa</span> <span class='ocrx_word' id='word_1_19' title='bbox 1212 1062 1353 1140; x_wconf 75' lang='lat' dir='ltr'>gerensi</span> 
     </span>
    </p>
   </div>
   <div class='ocr_carea' id='block_1_4' title="bbox 718 2225 1473 2294">
    <p class='ocr_par' dir='ltr' id='par_1_4' title="bbox 718 2225 1473 2294">
     <span class='ocr_line' id='line_1_5' title="bbox 718 2225 1473 2294; baseline 0 -1"><span class='ocrx_word' id='word_1_20' title='bbox 718 2226 749 2294; x_wconf 91' lang='lat'>1.</span> <span class='ocrx_word' id='word_1_21' title='bbox 772 2225 986 2292; x_wconf 84' lang='lat' dir='ltr'>AVSONIVS</span> <span class='ocrx_word' id='word_1_22' title='bbox 1009 2226 1219 2293; x_wconf 84' lang='lat' dir='ltr'>HESPERIO</span> <span class='ocrx_word' id='word_1_23' title='bbox 1243 2226 1360 2293; x_wconf 84' lang='lat' dir='ltr'>FILIO</span> <span class='ocrx_word' id='word_1_24' title='bbox 1382 2227 1473 2293; x_wconf 81' lang='lat' dir='ltr'><strong>SAL.</strong></span> 
     </span>
    </p>
   </div>
   <div class='ocr_carea' id='block_1_5' title="bbox 344 2448 1845 2656">
    <p class='ocr_par' dir='ltr' id='par_1_5' title="bbox 344 2448 1845 2656">
     <span class='ocr_line' id='line_1_6' title="bbox 344 2448 1845 2533; baseline 0.003 -16"><span class='ocrx_word' id='word_1_25' title='bbox 344 2449 595 2533; x_wconf 76' lang='lat' dir='ltr'>(CONSVLARI</span> <span class='ocrx_word' id='word_1_26' title='bbox 619 2448 747 2515; x_wconf 85' lang='lat' dir='ltr'>LIBRO</span> <span class='ocrx_word' id='word_1_27' title='bbox 770 2448 1019 2515; x_wconf 83' lang='lat' dir='ltr'>SVBIOIENDI</span> <span class='ocrx_word' id='word_1_28' title='bbox 1042 2451 1160 2529; x_wconf 81' lang='lat' dir='ltr'>QVEM</span> <span class='ocrx_word' id='word_1_29' title='bbox 1182 2450 1269 2518; x_wconf 85' lang='lat' dir='ltr'>EGO</span> <span class='ocrx_word' id='word_1_30' title='bbox 1292 2451 1351 2515; x_wconf 88' lang='lat' dir='ltr'>EX</span> <span class='ocrx_word' id='word_1_31' title='bbox 1375 2451 1559 2519; x_wconf 81' lang='lat' dir='ltr'>OVNCTIS</span> <span class='ocrx_word' id='word_1_32' title='bbox 1581 2454 1845 2521; x_wconf 81' lang='lat' dir='ltr'>OONSVLIBVS</span> 
     </span>
     <span class='ocr_line' id='line_1_7' title="bbox 689 2570 1494 2656; baseline 0.002 -20"><span class='ocrx_word' id='word_1_33' title='bbox 689 2570 812 2636; x_wconf 86' lang='lat' dir='ltr'>VNVM</span> <span class='ocrx_word' id='word_1_34' title='bbox 835 2570 966 2638; x_wconf 83' lang='lat' dir='ltr'>COEGI</span> <span class='ocrx_word' id='word_1_35' title='bbox 988 2570 1209 2637; x_wconf 79' lang='lat' dir='ltr'>GREGORIO</span> <span class='ocrx_word' id='word_1_36' title='bbox 1232 2572 1292 2638; x_wconf 90' lang='lat' dir='ltr'>EX</span> <span class='ocrx_word' id='word_1_37' title='bbox 1315 2573 1494 2656; x_wconf 76' lang='lat' dir='ltr'>PRAEE.).</span> 
     </span>
    </p>
   </div>
   <div class='ocr_carea' id='block_1_6' title="bbox 613 2742 1511 3141">
    <p class='ocr_par' dir='ltr' id='par_1_6' title="bbox 613 2742 1511 3141">
     <span class='ocr_line' id='line_1_8' title="bbox 613 2742 1465 2828; baseline 0.002 -19"><span class='ocrx_word' id='word_1_38' title='bbox 613 2743 729 2827; x_wconf 86' lang='lat' dir='ltr'>Ignota</span> <span class='ocrx_word' id='word_1_39' title='bbox 750 2749 903 2809; x_wconf 78' lang='lat' dir='ltr'>aeternae</span> <span class='ocrx_word' id='word_1_40' title='bbox 926 2763 967 2809; x_wconf 93' lang='lat' dir='ltr'>ne</span> <span class='ocrx_word' id='word_1_41' title='bbox 991 2743 1057 2808; x_wconf 90' lang='lat' dir='ltr'>sint</span> <span class='ocrx_word' id='word_1_42' title='bbox 1079 2742 1136 2808; x_wconf 90' lang='lat' dir='ltr'>tibi</span> <span class='ocrx_word' id='word_1_43' title='bbox 1160 2751 1304 2828; x_wconf 86' lang='lat' dir='ltr'>tempora</span> <span class='ocrx_word' id='word_1_44' title='bbox 1327 2746 1465 2819; x_wconf 78' lang='lat' dir='ltr'>Romae,</span> 
     </span>
     <span class='ocr_line' id='line_1_9' title="bbox 699 2845 1423 2933; baseline 0.001 -21"><span class='ocrx_word' id='word_1_45' title='bbox 699 2847 831 2930; x_wconf 88' lang='lat' dir='ltr'>regibus</span> <span class='ocrx_word' id='word_1_46' title='bbox 853 2853 885 2912; x_wconf 89' lang='lat' dir='ltr'>et</span> <span class='ocrx_word' id='word_1_47' title='bbox 906 2852 1033 2932; x_wconf 90' lang='lat' dir='ltr'>patrum</span> <span class='ocrx_word' id='word_1_48' title='bbox 1056 2845 1153 2912; x_wconf 87' lang='lat' dir='ltr'>ducta</span> <span class='ocrx_word' id='word_1_49' title='bbox 1176 2847 1235 2912; x_wconf 92' lang='lat' dir='ltr'>snb</span> <span class='ocrx_word' id='word_1_50' title='bbox 1258 2848 1423 2933; x_wconf 86' lang='lat' dir='ltr'>imperiis,</span> 
     </span>
     <span class='ocr_line' id='line_1_10' title="bbox 613 2949 1362 3036; baseline 0.001 -21"><span class='ocrx_word' id='word_1_51' title='bbox 613 2949 735 3034; x_wconf 81' lang='lat' dir='ltr'>digessi</span> <span class='ocrx_word' id='word_1_52' title='bbox 758 2950 859 3016; x_wconf 82' lang='lat' dir='ltr'>fastos</span> <span class='ocrx_word' id='word_1_53' title='bbox 882 2959 915 3016; x_wconf 91' lang='lat' dir='ltr'>et</span> <span class='ocrx_word' id='word_1_54' title='bbox 936 2950 1065 3016; x_wconf 85' lang='lat' dir='ltr'>nomina</span> <span class='ocrx_word' id='word_1_55' title='bbox 1086 2951 1251 3036; x_wconf 83' lang='lat' dir='ltr'>praepetis</span> <span class='ocrx_word' id='word_1_56' title='bbox 1274 2952 1362 3029; x_wconf 82' lang='lat' dir='ltr'>aevi,</span> 
     </span>
     <span class='ocr_line' id='line_1_11' title="bbox 700 3053 1511 3141; baseline 0 -21"><span class='ocrx_word' id='word_1_57' title='bbox 700 3073 814 3141; x_wconf 83' lang='lat' dir='ltr'>sparsa</span> <span class='ocrx_word' id='word_1_58' title='bbox 835 3053 943 3120; x_wconf 91' lang='lat' dir='ltr'>iacent</span> <span class='ocrx_word' id='word_1_59' title='bbox 965 3054 1090 3119; x_wconf 89' lang='lat' dir='ltr'>Latiam</span> <span class='ocrx_word' id='word_1_60' title='bbox 1114 3054 1142 3121; x_wconf 96' lang='lat' dir='ltr'>si</span> <span class='ocrx_word' id='word_1_61' title='bbox 1164 3075 1229 3138; x_wconf 87' lang='lat' dir='ltr'>qua</span> <span class='ocrx_word' id='word_1_62' title='bbox 1251 3076 1309 3140; x_wconf 91' lang='lat' dir='ltr'>per</span> <span class='ocrx_word' id='word_1_63' title='bbox 1331 3054 1511 3121; x_wconf 80' lang='lat' dir='ltr'>historiam.</span> 
     </span>
    </p>
   </div>
   <div class='ocr_carea' id='block_1_7' title="bbox 513 3156 1493 3762">
    <p class='ocr_par' dir='ltr' id='par_1_7' title="bbox 513 3156 1493 3762">
     <span class='ocr_line' id='line_1_12' title="bbox 529 3156 1454 3245; baseline 0.002 -24"><span class='ocrx_word' id='word_1_64' title='bbox 529 3182 541 3221; x_wconf 80' lang='lat' dir='ltr'>s</span> <span class='ocrx_word' id='word_1_65' title='bbox 614 3158 656 3223; x_wconf 91' lang='lat' dir='ltr'>sit</span> <span class='ocrx_word' id='word_1_66' title='bbox 676 3165 750 3223; x_wconf 87' lang='lat' dir='ltr'>tuus</span> <span class='ocrx_word' id='word_1_67' title='bbox 772 3157 825 3222; x_wconf 91' lang='lat' dir='ltr'>hic</span> <span class='ocrx_word' id='word_1_68' title='bbox 847 3156 987 3239; x_wconf 79' lang='lat' dir='ltr'>fructus,</span> <span class='ocrx_word' id='word_1_69' title='bbox 1015 3158 1169 3241; x_wconf 85' lang='lat' dir='ltr'>vigilatas</span> <span class='ocrx_word' id='word_1_70' title='bbox 1193 3158 1304 3245; x_wconf 82' lang='lat' dir='ltr'>accipe</span> <span class='ocrx_word' id='word_1_71' title='bbox 1327 3166 1454 3225; x_wconf 90' lang='lat' dir='ltr'>noctes:</span> 
     </span>
     <span class='ocr_line' id='line_1_13' title="bbox 700 3260 1388 3343; baseline 0.001 -16"><span class='ocrx_word' id='word_1_72' title='bbox 700 3260 886 3343; x_wconf 83' lang='lat' dir='ltr'>obsequitur</span> <span class='ocrx_word' id='word_1_73' title='bbox 908 3261 1013 3327; x_wconf 89' lang='lat' dir='ltr'>studio</span> <span class='ocrx_word' id='word_1_74' title='bbox 1036 3270 1146 3327; x_wconf 91' lang='lat' dir='ltr'>nostra</span> <span class='ocrx_word' id='word_1_75' title='bbox 1168 3262 1299 3327; x_wconf 90' lang='lat' dir='ltr'>lucerna</span> <span class='ocrx_word' id='word_1_76' title='bbox 1321 3269 1388 3328; x_wconf 92' lang='lat' dir='ltr'>tuo.</span> 
     </span>
     <span class='ocr_line' id='line_1_14' title="bbox 613 3365 1493 3452; baseline 0.002 -22"><span class='ocrx_word' id='word_1_77' title='bbox 613 3372 646 3430; x_wconf 91' lang='lat' dir='ltr'>tu</span> <span class='ocrx_word' id='word_1_78' title='bbox 670 3385 795 3448; x_wconf 89' lang='lat' dir='ltr'>quoque</span> <span class='ocrx_word' id='word_1_79' title='bbox 817 3372 968 3431; x_wconf 88' lang='lat' dir='ltr'>venturos</span> <span class='ocrx_word' id='word_1_80' title='bbox 991 3366 1202 3452; x_wconf 87' lang='lat' dir='ltr'>perlongum</span> <span class='ocrx_word' id='word_1_81' title='bbox 1226 3384 1358 3431; x_wconf 89' lang='lat' dir='ltr'>consere</span> <span class='ocrx_word' id='word_1_82' title='bbox 1381 3365 1493 3447; x_wconf 70' lang='lat' dir='ltr'>lauros,</span> 
     </span>
     <span class='ocr_line' id='line_1_15' title="bbox 699 3466 1356 3554; baseline -0.002 -20"><span class='ocrx_word' id='word_1_83' title='bbox 699 3476 735 3534; x_wconf 92' lang='lat' dir='ltr'>ut</span> <span class='ocrx_word' id='word_1_84' title='bbox 756 3488 830 3534; x_wconf 89' lang='lat' dir='ltr'>mea</span> <span class='ocrx_word' id='word_1_85' title='bbox 853 3466 990 3551; x_wconf 84' lang='lat' dir='ltr'>digessit</span> <span class='ocrx_word' id='word_1_86' title='bbox 1011 3469 1133 3554; x_wconf 86' lang='lat' dir='ltr'>pagina</span> <span class='ocrx_word' id='word_1_87' title='bbox 1155 3469 1356 3554; x_wconf 88' lang='lat' dir='ltr'>praeteritos.</span> 
     </span>
     <span class='ocr_line' id='line_1_16' title="bbox 613 3571 1487 3656; baseline 0.002 -20"><span class='ocrx_word' id='word_1_88' title='bbox 613 3571 795 3656; x_wconf 84' lang='lat' dir='ltr'>exemplum</span> <span class='ocrx_word' id='word_1_89' title='bbox 818 3571 883 3636; x_wconf 86' lang='lat' dir='ltr'>iam</span> <span class='ocrx_word' id='word_1_90' title='bbox 906 3572 1008 3656; x_wconf 87' lang='lat' dir='ltr'>patris</span> <span class='ocrx_word' id='word_1_91' title='bbox 1030 3572 1149 3654; x_wconf 82' lang='lat' dir='ltr'>habes,</span> <span class='ocrx_word' id='word_1_92' title='bbox 1176 3579 1211 3637; x_wconf 92' lang='lat' dir='ltr'>ut</span> <span class='ocrx_word' id='word_1_93' title='bbox 1232 3572 1377 3656; x_wconf 88' lang='lat' dir='ltr'>protinus</span> <span class='ocrx_word' id='word_1_94' title='bbox 1401 3580 1432 3638; x_wconf 90' lang='lat' dir='ltr'>et</span> <span class='ocrx_word' id='word_1_95' title='bbox 1455 3581 1487 3638; x_wconf 91' lang='lat' dir='ltr'>te</span> 
     </span>
     <span class='ocr_line' id='line_1_17' title="bbox 513 3673 1412 3762; baseline 0.003 -24"><span class='ocrx_word' id='word_1_96' title='bbox 513 3697 540 3738; x_wconf 80' lang='lat' dir='ltr'>ro</span> <span class='ocrx_word' id='word_1_97' title='bbox 699 3673 857 3758; x_wconf 79' lang='lat' dir='ltr'>adgreget</span> <span class='ocrx_word' id='word_1_98' title='bbox 878 3674 1029 3742; x_wconf 81' lang='lat' dir='ltr'>Ausoniis</span> <span class='ocrx_word' id='word_1_99' title='bbox 1051 3696 1193 3762; x_wconf 86' lang='lat' dir='ltr'>purpura</span> <span class='ocrx_word' id='word_1_100' title='bbox 1215 3676 1412 3742; x_wconf 89' lang='lat' dir='ltr'>consulibus.</span> 
     </span>
    </p>
   </div>
   <div class='ocr_carea' id='block_1_8' title="bbox 403 4052 1773 4122">
    <p class='ocr_par' dir='ltr' id='par_1_8' title="bbox 403 4052 1773 4122">
     <span class='ocr_line' id='line_1_18' title="bbox 403 4052 1773 4122; baseline 0.003 -4"><span class='ocrx_word' id='word_1_101' title='bbox 403 4053 435 4118; x_wconf 78' lang='lat'>2.</span> <span class='ocrx_word' id='word_1_102' title='bbox 460 4053 725 4119; x_wconf 79' lang='lat' dir='ltr'>SVPPVTATIO</span> <span class='ocrx_word' id='word_1_103' title='bbox 748 4052 803 4117; x_wconf 88' lang='grc' dir='ltr'>ΑΒ</span> <span class='ocrx_word' id='word_1_104' title='bbox 827 4052 938 4119; x_wconf 84' lang='lat' dir='ltr'>VRBE</span> <span class='ocrx_word' id='word_1_105' title='bbox 962 4053 1154 4120; x_wconf 79' lang='lat' dir='ltr'>CONDITA</span> <span class='ocrx_word' id='word_1_106' title='bbox 1179 4055 1224 4118; x_wconf 90' lang='lat' dir='ltr'>IN</span> <span class='ocrx_word' id='word_1_107' title='bbox 1248 4055 1535 4121; x_wconf 75' lang='lat' dir='ltr'>CONSVLATVM</span> <span class='ocrx_word' id='word_1_108' title='bbox 1558 4058 1773 4122; x_wconf 75' lang='lat' dir='ltr'>NOSTRVM.</span> 
     </span>
    </p>
   </div>
   <div class='ocr_carea' id='block_1_9' title="bbox 609 4242 1436 4533">
    <p class='ocr_par' dir='ltr' id='par_1_9' title="bbox 609 4242 1436 4533">
     <span class='ocr_line' id='line_1_19' title="bbox 609 4242 1435 4328; baseline 0.002 -20"><span class='ocrx_word' id='word_1_109' title='bbox 609 4243 711 4308; x_wconf 85' lang='lat' dir='ltr'>Annis</span> <span class='ocrx_word' id='word_1_110' title='bbox 737 4242 892 4309; x_wconf 88' lang='lat' dir='ltr'>undecies</span> <span class='ocrx_word' id='word_1_111' title='bbox 915 4252 1041 4309; x_wconf 90' lang='lat' dir='ltr'>centum</span> <span class='ocrx_word' id='word_1_112' title='bbox 1065 4243 1221 4328; x_wconf 87' lang='lat' dir='ltr'>coniunge</span> <span class='ocrx_word' id='word_1_113' title='bbox 1245 4251 1435 4328; x_wconf 82' lang='lat' dir='ltr'>quaternos,</span> 
     </span>
     <span class='ocr_line' id='line_1_20' title="bbox 610 4347 1400 4430; baseline 0.001 -20"><span class='ocrx_word' id='word_1_114' title='bbox 610 4347 762 4412; x_wconf 87' lang='lat' dir='ltr'>undecies</span> <span class='ocrx_word' id='word_1_115' title='bbox 786 4366 947 4430; x_wconf 89' lang='lat' dir='ltr'>unumque</span> <span class='ocrx_word' id='word_1_116' title='bbox 970 4365 1080 4430; x_wconf 85' lang='lat' dir='ltr'>super,</span> <span class='ocrx_word' id='word_1_117' title='bbox 1106 4347 1270 4412; x_wconf 86' lang='lat' dir='ltr'>trieterida</span> <span class='ocrx_word' id='word_1_118' title='bbox 1293 4355 1400 4414; x_wconf 89' lang='lat' dir='ltr'>necte:</span> 
     </span>
     <span class='ocr_line' id='line_1_21' title="bbox 609 4450 1436 4533; baseline 0.001 -18"><span class='ocrx_word' id='word_1_119' title='bbox 609 4450 691 4516; x_wconf 87' lang='lat' dir='ltr'>haec</span> <span class='ocrx_word' id='word_1_120' title='bbox 714 4450 774 4515; x_wconf 85' lang='lat' dir='ltr'>erit</span> <span class='ocrx_word' id='word_1_121' title='bbox 795 4456 946 4515; x_wconf 85' lang='lat' dir='ltr'>aeternae</span> <span class='ocrx_word' id='word_1_122' title='bbox 969 4452 1069 4515; x_wconf 88' lang='lat' dir='ltr'>series</span> <span class='ocrx_word' id='word_1_123' title='bbox 1092 4451 1134 4515; x_wconf 88' lang='lat' dir='ltr'>ab</span> <span class='ocrx_word' id='word_1_124' title='bbox 1157 4451 1281 4533; x_wconf 90' lang='lat' dir='ltr'>origine</span> <span class='ocrx_word' id='word_1_125' title='bbox 1304 4452 1436 4516; x_wconf 86' lang='lat' dir='ltr'>Romae.</span> 
     </span>
    </p>
   </div>
   <div class='ocr_carea' id='block_1_10' title="bbox 271 4813 1905 5137">
    <p class='ocr_par' dir='ltr' id='par_1_10' title="bbox 271 4813 1905 5137">
     <span class='ocr_line' id='line_1_22' title="bbox 360 4813 1872 4881; baseline 0.001 -17"><span class='ocrx_word' id='word_1_126' title='bbox 360 4818 487 4865; x_wconf 81' lang='lat' dir='ltr'>Antonius</span> <span class='ocrx_word' id='word_1_127' title='bbox 506 4817 683 4877; x_wconf 79' lang='lat' dir='ltr'>Heliogaboins</span> <span class='ocrx_word' id='word_1_128' title='bbox 708 4815 734 4876; x_wconf 84' lang='lat' dir='ltr'>V,</span> <span class='ocrx_word' id='word_1_129' title='bbox 757 4816 901 4864; x_wconf 77' lang='lat' dir='ltr'>Antoninus</span> <span class='ocrx_word' id='word_1_130' title='bbox 919 4815 1107 4874; x_wconf 79' lang='lat' dir='ltr'>ilciiognbaiius</span> <span class='ocrx_word' id='word_1_131' title='bbox 1128 4814 1148 4860; x_wconf 87' lang='lat' dir='ltr'><strong><em>B</em></strong></span> <span class='ocrx_word' id='word_1_132' title='bbox 1252 4813 1284 4862; x_wconf 75' lang='lat'>97</span> <span class='ocrx_word' id='word_1_133' title='bbox 1304 4821 1365 4863; x_wconf 88' lang='lat' dir='ltr'>tnnc</span> <span class='ocrx_word' id='word_1_134' title='bbox 1384 4816 1406 4861; x_wconf 82' lang='lat' dir='ltr'>li</span> <span class='ocrx_word' id='word_1_135' title='bbox 1509 4815 1581 4864; x_wconf 85' lang='lat' dir='ltr'>sedes</span> <span class='ocrx_word' id='word_1_136' title='bbox 1604 4816 1624 4862; x_wconf 84' lang='lat' dir='ltr'><strong><em>V</em></strong></span> <span class='ocrx_word' id='word_1_137' title='bbox 1725 4819 1796 4881; x_wconf 68' lang='lat' dir='ltr'>tedas</span> <span class='ocrx_word' id='word_1_138' title='bbox 1814 4819 1872 4866; x_wconf 67' lang='grc' dir='ltr'>ΒΨ</span> 
     </span>
     <span class='ocr_line' id='line_1_23' title="bbox 272 4901 1905 4965; baseline 0.001 -15"><span class='ocrx_word' id='word_1_139' title='bbox 272 4904 304 4950; x_wconf 83' lang='lat' dir='ltr'>In</span> <span class='ocrx_word' id='word_1_140' title='bbox 320 4903 409 4964; x_wconf 75' lang='lat' dir='ltr'>Vport</span> <span class='ocrx_word' id='word_1_141' title='bbox 427 4906 460 4951; x_wconf 82' lang='lat'>98</span> <span class='ocrx_word' id='word_1_142' title='bbox 478 4902 584 4952; x_wconf 80' lang='lat' dir='ltr'>duorum</span> <span class='ocrx_word' id='word_1_143' title='bbox 601 4916 718 4951; x_wconf 63' lang='lat' dir='ltr'>cumam</span> <span class='ocrx_word' id='word_1_144' title='bbox 736 4905 843 4963; x_wconf 72' lang='lat' dir='ltr'>epatium</span> <span class='ocrx_word' id='word_1_145' title='bbox 862 4915 970 4950; x_wconf 79' lang='lat' dir='ltr'>coenam</span> <span class='ocrx_word' id='word_1_146' title='bbox 988 4906 1024 4949; x_wconf 81' lang='lat' dir='ltr'>eat</span> <span class='ocrx_word' id='word_1_147' title='bbox 1041 4902 1163 4961; x_wconf 79' lang='lat' dir='ltr'>relictam,</span> <span class='ocrx_word' id='word_1_148' title='bbox 1183 4901 1271 4949; x_wconf 76' lang='lat' dir='ltr'>deinde</span> <span class='ocrx_word' id='word_1_149' title='bbox 1289 4904 1379 4962; x_wconf 68' lang='lat' dir='ltr'>sepum</span> <span class='ocrx_word' id='word_1_150' title='bbox 1391 4901 1522 4951; x_wconf 77' lang='lat' dir='ltr'>Conclusio</span> <span class='ocrx_word' id='word_1_151' title='bbox 1536 4903 1580 4962; x_wconf 78' lang='lat' dir='ltr'>(cf.</span> <span class='ocrx_word' id='word_1_152' title='bbox 1595 4904 1682 4964; x_wconf 79' lang='lat' dir='ltr'><em>XXII,</em></span> <span class='ocrx_word' id='word_1_153' title='bbox 1697 4909 1730 4963; x_wconf 74' lang='lat' dir='ltr'>lt.</span> <span class='ocrx_word' id='word_1_154' title='bbox 1769 4904 1807 4954; x_wconf 86' lang='lat' dir='ltr'>‘v.</span> <span class='ocrx_word' id='word_1_155' title='bbox 1823 4922 1844 4954; x_wconf 91' lang='lat' dir='ltr'>c.</span> <span class='ocrx_word' id='word_1_156' title='bbox 1860 4906 1905 4965; x_wconf 83' lang='lat' dir='ltr'>(tir</span> 
     </span>
     <span class='ocr_line' id='line_1_24' title="bbox 271 4987 1902 5052; baseline 0.002 -16"><span class='ocrx_word' id='word_1_157' title='bbox 271 4990 361 5038; x_wconf 78' lang='lat' dir='ltr'>titteria</span> <span class='ocrx_word' id='word_1_158' title='bbox 378 4989 516 5052; x_wconf 67' lang='lat' dir='ltr'>significare</span> <span class='ocrx_word' id='word_1_159' title='bbox 533 4991 593 5038; x_wconf 83' lang='lat' dir='ltr'>solet</span> <span class='ocrx_word' id='word_1_160' title='bbox 611 4989 702 5038; x_wconf 73' lang='lat' dir='ltr'>itonam</span> <span class='ocrx_word' id='word_1_161' title='bbox 724 4987 752 5049; x_wconf 76' lang='lat' dir='ltr'>V)</span> <span class='ocrx_word' id='word_1_162' title='bbox 773 4989 818 5036; x_wconf 80' lang='lat' dir='ltr'>hoc</span> <span class='ocrx_word' id='word_1_163' title='bbox 836 4988 973 5035; x_wconf 84' lang='lat' dir='ltr'>distichum</span> <span class='ocrx_word' id='word_1_164' title='bbox 991 4988 1075 5036; x_wconf 81' lang='lat' dir='ltr'>addit:</span> <span class='ocrx_word' id='word_1_165' title='bbox 1105 4987 1160 5046; x_wconf 82' lang='lat' dir='ltr'>Quo</span> <span class='ocrx_word' id='word_1_166' title='bbox 1177 5002 1315 5050; x_wconf 84' lang='lat' dir='ltr'>numquam</span> <span class='ocrx_word' id='word_1_167' title='bbox 1334 5003 1414 5050; x_wconf 89' lang='lat' dir='ltr'>neque</span> <span class='ocrx_word' id='word_1_168' title='bbox 1433 4994 1506 5050; x_wconf 88' lang='lat' dir='ltr'>turpe</span> <span class='ocrx_word' id='word_1_169' title='bbox 1525 4991 1603 5051; x_wconf 85' lang='lat' dir='ltr'>magis</span> <span class='ocrx_word' id='word_1_170' title='bbox 1622 5003 1704 5052; x_wconf 87' lang='lat' dir='ltr'>neque</span> <span class='ocrx_word' id='word_1_171' title='bbox 1722 4992 1805 5039; x_wconf 78' lang='lat' dir='ltr'>fedius</span> <span class='ocrx_word' id='word_1_172' title='bbox 1823 4992 1902 5039; x_wconf 87' lang='lat' dir='ltr'>nilum</span> 
     </span>
     <span class='ocr_line' id='line_1_25' title="bbox 273 5071 1903 5137; baseline -0.001 -13"><span class='ocrx_word' id='word_1_173' title='bbox 273 5074 413 5124; x_wconf 71' lang='lat' dir='ltr'>Monstrum</span> <span class='ocrx_word' id='word_1_174' title='bbox 432 5076 541 5124; x_wconf 83' lang='lat' dir='ltr'>Romano</span> <span class='ocrx_word' id='word_1_175' title='bbox 559 5076 624 5124; x_wconf 84' lang='lat' dir='ltr'>sedit</span> <span class='ocrx_word' id='word_1_176' title='bbox 642 5078 668 5124; x_wconf 91' lang='lat' dir='ltr'>iu</span> <span class='ocrx_word' id='word_1_177' title='bbox 686 5071 805 5136; x_wconf 85' lang='lat' dir='ltr'>imperio’</span> <span class='ocrx_word' id='word_1_178' title='bbox 824 5073 920 5122; x_wconf 79' lang='lat' dir='ltr'>Deraso.</span> <span class='ocrx_word' id='word_1_179' title='bbox 958 5075 1097 5122; x_wconf 82' lang='lat' dir='ltr'>Tetrastica</span> <span class='ocrx_word' id='word_1_180' title='bbox 1115 5074 1183 5134; x_wconf 85' lang='lat' dir='ltr'>expi.</span> <span class='ocrx_word' id='word_1_181' title='bbox 1205 5074 1234 5135; x_wconf 76' lang='lat' dir='ltr'>B,</span> <span class='ocrx_word' id='word_1_182' title='bbox 1261 5074 1370 5122; x_wconf 84' lang='lat' dir='ltr'>Fiuinnt</span> <span class='ocrx_word' id='word_1_183' title='bbox 1388 5075 1512 5124; x_wconf 82' lang='lat' dir='ltr'>detracti..</span> <span class='ocrx_word' id='word_1_184' title='bbox 1528 5075 1560 5137; x_wconf 78' lang='lat' dir='ltr'>B,</span> <span class='ocrx_word' id='word_1_185' title='bbox 1586 5077 1692 5124; x_wconf 81' lang='lat' dir='ltr'>Fininnt</span> <span class='ocrx_word' id='word_1_186' title='bbox 1711 5077 1856 5125; x_wconf 85' lang='lat' dir='ltr'>tetrasticha</span> <span class='ocrx_word' id='word_1_187' title='bbox 1874 5077 1903 5122; x_wconf 86' lang='lat' dir='ltr'><strong><em>W</em></strong></span> 
     </span>
    </p>
   </div>
   <div class='ocr_carea' id='block_1_11' title="bbox 271 5172 1904 5415">
    <p class='ocr_par' dir='ltr' id='par_1_11' title="bbox 271 5172 1904 5415">
     <span class='ocr_line' id='line_1_26' title="bbox 358 5172 1904 5241; baseline 0 -13"><span class='ocrx_word' id='word_1_188' title='bbox 358 5179 445 5229; x_wconf 82' lang='lat' dir='ltr'>xxn.</span> <span class='ocrx_word' id='word_1_189' title='bbox 484 5184 538 5227; x_wconf 79' lang='lat' dir='ltr'>ici</span> <span class='ocrx_word' id='word_1_190' title='bbox 557 5182 573 5228; x_wconf 75' lang='lat'><em>2</em></span> <span class='ocrx_word' id='word_1_191' title='bbox 591 5180 658 5240; x_wconf 78' lang='lat' dir='ltr'>tni&#39;,</span> <span class='ocrx_word' id='word_1_192' title='bbox 682 5183 704 5241; x_wconf 86' lang='lat'>1,</span> <span class='ocrx_word' id='word_1_193' title='bbox 726 5180 750 5237; x_wconf 88' lang='lat'>3,</span> <span class='ocrx_word' id='word_1_194' title='bbox 773 5186 787 5229; x_wconf 78' lang='grc'><strong><em>4</em></strong></span> <span class='ocrx_word' id='word_1_195' title='bbox 807 5181 833 5226; x_wconf 82' lang='lat' dir='ltr'>tn</span> <span class='ocrx_word' id='word_1_196' title='bbox 852 5195 883 5226; x_wconf 88' lang='grc' dir='ltr'>ω.</span> <span class='ocrx_word' id='word_1_197' title='bbox 934 5172 963 5226; x_wconf 81' lang='lat' dir='ltr'>l.</span> <span class='ocrx_word' id='word_1_198' title='bbox 1000 5178 1141 5226; x_wconf 82' lang='lat' dir='ltr'>Conclusio.</span> <span class='ocrx_word' id='word_1_199' title='bbox 1162 5177 1291 5225; x_wconf 79' lang='lat' dir='ltr'>Ausonius</span> <span class='ocrx_word' id='word_1_200' title='bbox 1310 5178 1414 5240; x_wconf 82' lang='lat' dir='ltr'>Esperio</span> <span class='ocrx_word' id='word_1_201' title='bbox 1433 5179 1495 5226; x_wconf 87' lang='lat' dir='ltr'>Fiiio</span> <span class='ocrx_word' id='word_1_202' title='bbox 1515 5180 1563 5228; x_wconf 87' lang='lat' dir='ltr'>Sai.</span> <span class='ocrx_word' id='word_1_203' title='bbox 1591 5180 1617 5240; x_wconf 83' lang='lat' dir='ltr'>V,</span> <span class='ocrx_word' id='word_1_204' title='bbox 1637 5193 1684 5227; x_wconf 88' lang='lat' dir='ltr'>om.</span> <span class='ocrx_word' id='word_1_205' title='bbox 1707 5196 1728 5227; x_wconf 88' lang='grc' dir='ltr'><em>ω</em></span> <span class='ocrx_word' id='word_1_206' title='bbox 1835 5181 1904 5228; x_wconf 74' lang='lat' dir='ltr'>Con-</span> 
     </span>
     <span class='ocr_line' id='line_1_27' title="bbox 271 5261 1901 5332; baseline -0.001 -18"><span class='ocrx_word' id='word_1_207' title='bbox 271 5266 348 5314; x_wconf 88' lang='lat' dir='ltr'>aniari</span> <span class='ocrx_word' id='word_1_208' title='bbox 368 5301 420 5316; x_wconf 85' lang='lat'>...</span> <span class='ocrx_word' id='word_1_209' title='bbox 441 5266 579 5314; x_wconf 83' lang='lat' dir='ltr'>subitieudi</span> <span class='ocrx_word' id='word_1_210' title='bbox 600 5303 606 5314; x_wconf 91' lang='lat'><strong><em>.</em></strong></span> <span class='ocrx_word' id='word_1_211' title='bbox 624 5303 652 5314; x_wconf 93' lang='lat'>..</span> <span class='ocrx_word' id='word_1_212' title='bbox 674 5268 695 5312; x_wconf 80' lang='lat' dir='ltr'>dc</span> <span class='ocrx_word' id='word_1_213' title='bbox 714 5267 811 5314; x_wconf 86' lang='lat' dir='ltr'>cunctis</span> <span class='ocrx_word' id='word_1_214' title='bbox 832 5300 884 5313; x_wconf 88' lang='lat'>...</span> <span class='ocrx_word' id='word_1_215' title='bbox 905 5277 936 5311; x_wconf 78' lang='lat' dir='ltr'>en</span> <span class='ocrx_word' id='word_1_216' title='bbox 956 5265 1034 5324; x_wconf 85' lang='lat' dir='ltr'>praet.</span> <span class='ocrx_word' id='word_1_217' title='bbox 1057 5262 1092 5321; x_wconf 80' lang='lat' dir='ltr'>M,</span> <span class='ocrx_word' id='word_1_218' title='bbox 1113 5263 1197 5311; x_wconf 85' lang='lat' dir='ltr'>eadem</span> <span class='ocrx_word' id='word_1_219' title='bbox 1215 5262 1339 5321; x_wconf 77' lang='lat' dir='ltr'>smirci</span> <span class='ocrx_word' id='word_1_220' title='bbox 1358 5261 1386 5311; x_wconf 64' lang='grc' dir='ltr'>υ2</span> <span class='ocrx_word' id='word_1_221' title='bbox 1398 5265 1433 5325; x_wconf 78' lang='lat' dir='ltr'>(ira</span> <span class='ocrx_word' id='word_1_222' title='bbox 1444 5274 1504 5324; x_wconf 74' lang='lat' dir='ltr'>mo.)</span> <span class='ocrx_word' id='word_1_223' title='bbox 1524 5261 1624 5332; x_wconf 66' lang='lat' dir='ltr'>d299‘2p1,</span> <span class='ocrx_word' id='word_1_224' title='bbox 1647 5267 1674 5312; x_wconf 86' lang='lat' dir='ltr'>ln</span> <span class='ocrx_word' id='word_1_225' title='bbox 1694 5266 1757 5313; x_wconf 87' lang='lat' dir='ltr'>libro</span> <span class='ocrx_word' id='word_1_226' title='bbox 1775 5281 1850 5328; x_wconf 87' lang='lat' dir='ltr'>quem</span> <span class='ocrx_word' id='word_1_227' title='bbox 1869 5267 1901 5314; x_wconf 85' lang='lat' dir='ltr'>de</span> 
     </span>
     <span class='ocr_line' id='line_1_28' title="bbox 272 5342 1901 5415; baseline -0.002 -14"><span class='ocrx_word' id='word_1_228' title='bbox 272 5354 345 5403; x_wconf 74' lang='lat' dir='ltr'>tanda</span> <span class='ocrx_word' id='word_1_229' title='bbox 362 5358 535 5415; x_wconf 73' lang='lat' dir='ltr'>composuerat</span> <span class='ocrx_word' id='word_1_230' title='bbox 552 5353 582 5401; x_wconf 86' lang='lat' dir='ltr'>ad</span> <span class='ocrx_word' id='word_1_231' title='bbox 600 5353 747 5412; x_wconf 82' lang='lat' dir='ltr'>Gregorium</span> <span class='ocrx_word' id='word_1_232' title='bbox 765 5351 834 5399; x_wconf 73' lang='lat' dir='ltr'>mni}</span> <span class='ocrx_word' id='word_1_233' title='bbox 845 5355 867 5397; x_wconf 79' lang='lat' dir='ltr'>et</span> <span class='ocrx_word' id='word_1_234' title='bbox 878 5347 924 5412; x_wconf 80' lang='lat' dir='ltr'>po²</span> <span class='ocrx_word' id='word_1_235' title='bbox 944 5342 1088 5412; x_wconf 36' lang='lat' dir='ltr'>[in‘qaibar</span> <span class='ocrx_word' id='word_1_236' title='bbox 1105 5350 1165 5399; x_wconf 75' lang='lat' dir='ltr'>odsi.</span> <span class='ocrx_word' id='word_1_237' title='bbox 1180 5364 1212 5398; x_wconf 87' lang='lat' dir='ltr'>ex</span> <span class='ocrx_word' id='word_1_238' title='bbox 1228 5348 1331 5411; x_wconf 71' lang='lat' dir='ltr'>picoti,</span> <span class='ocrx_word' id='word_1_239' title='bbox 1352 5351 1389 5398; x_wconf 87' lang='lat' dir='ltr'>De</span> <span class='ocrx_word' id='word_1_240' title='bbox 1409 5351 1481 5399; x_wconf 81' lang='lat' dir='ltr'>fastis</span> <span class='ocrx_word' id='word_1_241' title='bbox 1499 5353 1643 5413; x_wconf 86' lang='lat' dir='ltr'>compositis</span> <span class='ocrx_word' id='word_1_242' title='bbox 1662 5352 1691 5399; x_wconf 82' lang='lat' dir='ltr'>ud</span> <span class='ocrx_word' id='word_1_243' title='bbox 1711 5352 1856 5413; x_wconf 81' lang='lat' dir='ltr'>Gregorinm</span> <span class='ocrx_word' id='word_1_244' title='bbox 1876 5369 1901 5410; x_wconf 84' lang='lat' dir='ltr'>v,</span> 
     </span>
    </p>
   </div>
   <div class='ocr_carea' id='block_1_12' title="bbox 269 5433 1903 5591">
    <p class='ocr_par' dir='ltr' id='par_1_12' title="bbox 269 5433 1903 5591">
     <span class='ocr_line' id='line_1_29' title="bbox 269 5433 1903 5504; baseline -0.002 -15"><span class='ocrx_word' id='word_1_245' title='bbox 269 5440 372 5489; x_wconf 68' lang='lat' dir='ltr'>utrm</span> <span class='ocrx_word' id='word_1_246' title='bbox 388 5438 519 5487; x_wconf 62' lang='lat' dir='ltr'>wama?</span> <span class='ocrx_word' id='word_1_247' title='bbox 623 5436 951 5504; x_wconf 70' lang='lat' dir='ltr'>3praepetiaVTitpetp</span> <span class='ocrx_word' id='word_1_248' title='bbox 972 5433 1038 5500; x_wconf 59' lang='grc' dir='ltr'>(νηῒ),</span> <span class='ocrx_word' id='word_1_249' title='bbox 1059 5437 1322 5499; x_wconf 61' lang='lat' dir='ltr'>perpetrassemus</span> <span class='ocrx_word' id='word_1_250' title='bbox 1427 5437 1586 5499; x_wconf 75' lang='lat' dir='ltr'>ficongessit</span> <span class='ocrx_word' id='word_1_251' title='bbox 1605 5454 1626 5486; x_wconf 84' lang='grc' dir='ltr'><strong>ω</strong></span> <span class='ocrx_word' id='word_1_252' title='bbox 1645 5439 1717 5498; x_wconf 77' lang='lat' dir='ltr'>volpe</span> <span class='ocrx_word' id='word_1_253' title='bbox 1823 5437 1903 5487; x_wconf 79' lang='lat' dir='ltr'>iter-</span> 
     </span>
     <span class='ocr_line' id='line_1_30' title="bbox 270 5523 1069 5591; baseline -0.005 -15"><span class='ocrx_word' id='word_1_254' title='bbox 270 5526 353 5591; x_wconf 68' lang='lat' dir='ltr'>cmpIo</span> <span class='ocrx_word' id='word_1_255' title='bbox 370 5523 467 5575; x_wconf 77' lang='lat' dir='ltr'>comto</span> <span class='ocrx_word' id='word_1_256' title='bbox 484 5537 539 5573; x_wconf 87' lang='lat' dir='ltr'>meo</span> <span class='ocrx_word' id='word_1_257' title='bbox 557 5526 594 5574; x_wconf 84' lang='lat' dir='ltr'>aie</span> <span class='ocrx_word' id='word_1_258' title='bbox 611 5526 728 5588; x_wconf 80' lang='lat' dir='ltr'>protinus</span> <span class='ocrx_word' id='word_1_259' title='bbox 746 5540 768 5574; x_wconf 85' lang='grc' dir='ltr'><strong><em>ω</em></strong></span> <span class='ocrx_word' id='word_1_260' title='bbox 870 5523 901 5574; x_wconf 85' lang='grc'>10</span> <span class='ocrx_word' id='word_1_261' title='bbox 920 5523 1030 5586; x_wconf 82' lang='lat' dir='ltr'>applicet</span> <span class='ocrx_word' id='word_1_262' title='bbox 1048 5538 1069 5572; x_wconf 84' lang='grc' dir='ltr'><strong>ω</strong></span> 
     </span>
    </p>
   </div>
   <div class='ocr_carea' id='block_1_13' title="bbox 356 5622 1818 5691">
    <p class='ocr_par' dir='ltr' id='par_1_13' title="bbox 356 5622 1818 5691">
     <span class='ocr_line' id='line_1_31' title="bbox 356 5622 1818 5691; baseline -0.003 -10"><span class='ocrx_word' id='word_1_263' title='bbox 356 5622 389 5681; x_wconf 69' lang='lat' dir='ltr'>E·</span> <span class='ocrx_word' id='word_1_264' title='bbox 422 5627 441 5680; x_wconf 79' lang='lat'>2</span> <span class='ocrx_word' id='word_1_265' title='bbox 456 5628 573 5681; x_wconf 73' lang='lat' dir='ltr'>audeam</span> <span class='ocrx_word' id='word_1_266' title='bbox 591 5641 722 5691; x_wconf 78' lang='lat' dir='ltr'>unumque</span> <span class='ocrx_word' id='word_1_267' title='bbox 740 5627 847 5677; x_wconf 65' lang='lat' dir='ltr'>noune.</span> <span class='ocrx_word' id='word_1_268' title='bbox 869 5627 935 5676; x_wconf 71' lang='lat' dir='ltr'>Fors.</span> <span class='ocrx_word' id='word_1_269' title='bbox 961 5626 1033 5676; x_wconf 76' lang='lat' dir='ltr'>Coras.</span> <span class='ocrx_word' id='word_1_270' title='bbox 1053 5640 1079 5687; x_wconf 78' lang='grc' dir='ltr'>ρ.</span> <span class='ocrx_word' id='word_1_271' title='bbox 1094 5631 1154 5691; x_wconf 74' lang='lat' dir='ltr'>tet,</span> <span class='ocrx_word' id='word_1_272' title='bbox 1174 5638 1302 5691; x_wconf 74' lang='lat' dir='ltr'>ammona</span> <span class='ocrx_word' id='word_1_273' title='bbox 1318 5625 1400 5689; x_wconf 70' lang='lat' dir='ltr'>drot,</span> <span class='ocrx_word' id='word_1_274' title='bbox 1419 5626 1533 5678; x_wconf 77' lang='lat' dir='ltr'>undenos</span> <span class='ocrx_word' id='word_1_275' title='bbox 1551 5641 1677 5690; x_wconf 82' lang='lat' dir='ltr'>unamque</span> <span class='ocrx_word' id='word_1_276' title='bbox 1696 5627 1818 5677; x_wconf 67' lang='lat' dir='ltr'>merem</span> 
     </span>
    </p>
   </div>
   <div class='ocr_carea' id='block_1_14' title="bbox 0 0 2184 6229">
    <p class='ocr_par' dir='ltr' id='par_1_14' title="bbox 0 0 2184 6229">
     <span class='ocr_line' id='line_1_32' title="bbox 0 0 2184 6229; baseline 0 0"><span class='ocrx_word' id='word_1_277' title='bbox 0 0 2184 6229; x_wconf 95' lang='lat' dir='ltr'> </span> 
     </span>
    </p>
   </div>
  </div>
 </body>
</html>
