4358 6234
738 338 966 394 ‹anurmrevn
988 339 1102 393 norro
1122 341 1221 403 rvrrr).
1755 349 1793 407 st

170 528 329 595 manicam
352 529 514 596 deditione
537 518 724 613 gentilium,
751 528 997 595 Alamannieum
1020 528 1219 595 traductione
1245 522 1428 615 captorum,
1460 533 1617 599 vincendo
1647 541 1679 600 et
1707 535 1801 618 igno-

172 633 291 699 scendo
313 633 542 712 Sarmaticum,
590 637 622 697 9.
648 639 814 699 conectere
837 632 945 698 omnia
967 633 1081 698 merita
1103 633 1228 698 virtutis
1250 641 1283 700 et
1307 635 1497 718 cognomina
1526 635 1708 702 felicitatis:
1741 640 1800 704 sed

170 736 238 802 alia
260 744 310 803 est
330 736 391 802 ista
414 736 551 802 materia
573 743 605 801 et
627 755 685 800 suo
709 742 825 821 parata
848 742 989 815 secreto,
1016 755 1088 800 eum
1110 735 1269 819 placuerit
1292 738 1457 821 signanter
1479 747 1512 804 et
1533 739 1674 806 breviter
1692 741 1800 806 omnia

121 860 151 900 ιι
170 860 254 922 quae
282 839 432 906 novimus
460 839 603 906 iudicare
626 859 731 922 neque
760 839 927 923 persequi,
963 839 1075 920 utqui
1098 845 1252 904 terrarum
1276 841 1384 905 orbem
1407 840 1502 906 unius
1525 843 1654 908 tabulae
1676 844 1800 909 ambitu

170 943 434 1010 circumscribunt
455 943 618 1027 aliquanto
642 942 832 1008 detrimento
856 941 1105 1025 magnitudinis,
1131 943 1219 1008 nullo
1241 943 1409 1027 dispendio
1433 945 1588 1010 veritatis.
1639 951 1688 1011 iii.
1715 968 1800 1013 nnnc

169 1053 288 1119 autem,
314 1045 401 1130 quod
423 1046 489 1112 diei
512 1046 608 1112 huius
630 1045 802 1131 proprium,
829 1045 870 1110 dc
894 1046 1061 1110 consulatu
1084 1045 1206 1129 gratias
1228 1066 1336 1129 agam.
1377 1047 1435 1112 sed
1458 1057 1645 1132 procurrunt
1667 1058 1699 1115 et
1714 1051 1799 1116 aliae

170 1149 345 1233 dignitates
366 1156 464 1232 atque
486 1150 520 1214 in
543 1170 653 1216 vocem
676 1149 901 1231 gratulationis
917 1156 1087 1234 erumpunt
1102 1170 1141 1215 ac
1156 1170 1192 1216 se
1207 1150 1295 1235 prius
1312 1150 1428 1215 debere
1444 1151 1640 1235 profitentur.
1682 1158 1731 1217 il.
1754 1160 1801 1220 tot

170 1253 291 1336 gradus
312 1253 441 1319 nomine
463 1253 587 1319 comitis
617 1259 746 1338 propter
775 1259 830 1317 tua
859 1253 1057 1318 incrementa
1087 1253 1247 1337 congesti:
1283 1273 1323 1318 ex
1353 1261 1408 1318 tuo
1438 1254 1550 1319 merito
1579 1262 1610 1320 te
1640 1275 1677 1321 ac
1708 1264 1799 1340 patre

119 1377 150 1418 ro
170 1357 370 1442 principibus
392 1363 566 1441 quaestura
589 1356 765 1422 communis
789 1363 821 1422 et
842 1356 888 1421 tui
911 1362 1034 1421 tantum
1059 1355 1262 1440 praefectura
1283 1356 1448 1438 beneficii,
1482 1378 1565 1440 quae
1588 1359 1715 1444 etipsa
1737 1380 1799 1425 non

168 1460 239 1525 vult
259 1460 329 1525 vice
352 1459 490 1544 simplici
514 1459 681 1542 gratulari,
708 1459 876 1525 liberalius
892 1458 998 1524 divisa
1013 1480 1109 1542 quarn
1125 1459 1243 1539 iuncta,
1271 1481 1342 1526 cum
1359 1466 1526 1526 teneamus
1542 1460 1605 1526 duo
1626 1462 1795 1546 integrum,

174 1569 288 1629 neutm
309 1561 475 1628 desiderat
497 1568 692 1646 separatum.

256 1667 315 1730 ΙΙΙ.
345 1669 396 1729 12.
422 1665 486 1730 Sed
501 1665 570 1747 illa,
597 1670 632 1730 ut
647 1665 745 1749 paulo
765 1672 839 1730 ente
855 1665 995 1749 promisi,
1023 1664 1188 1730 habebunt
1203 1667 1254 1731 sui
1276 1666 1418 1731 muneris
1441 1666 1605 1750 peculiare
1621 1676 1797 1734 secretum:

169 1768 354 1834 consulatus
378 1768 431 1833 hic
452 1787 544 1834 meus
565 1775 635 1833 orat
657 1776 754 1850 atque
776 1768 932 1849 obsecrat,
959 1774 994 1832 ut
1016 1768 1186 1834 obnoxiam
1209 1769 1267 1834 tibi
1291 1769 1344 1834 uni
1368 1769 1457 1834 sines
1480 1769 1549 1835 fieri
1572 1771 1642 1836 eius
1660 1771 1802 1855 dignita-

169 1879 251 1951 tem,
278 1891 372 1953 quem
395 1871 542 1937 omnibus
563 1871 755 1956 praetulisti.
802 1878 878 1954 quot
899 1871 1030 1954 quidem
1060 1872 1186 1955 etipse
1209 1872 1271 1936 sibi
1301 1872 1425 1938 invenit
1453 1873 1590 1956 gradus!
1643 1877 1693 1938 13.
1727 1895 1798 1940 cum

169 1974 347 2041 clarissimo
370 1974 439 2039 viro
461 1974 588 2058 collega
610 1995 681 2040 meo
704 1973 823 2039 bonore
847 1974 1044 2055 coniunctus,
1071 1974 1308 2058 nuncupatione
1331 1976 1495 2059 praelatus
1515 1977 1626 2041 consui
1642 1997 1713 2060 ego,
1740 1978 1801 2043 im-

136 2085 298 2163 sperator
320 2080 481 2162 Auguste,
515 2097 647 2143 munere
669 2084 724 2143 tuo
746 2097 809 2142 non
832 2095 950 2161 passus
973 2083 1086 2162 saepta
1108 2097 1213 2160 neque
1245 2099 1407 2162 campum,
1443 2097 1506 2143 non
1533 2080 1705 2163 suffragia,
1738 2102 1800 2146 non

169 2187 299 2266 puncta,
325 2201 389 2246 non
412 2182 544 2260 loculos,
570 2181 626 2263 qui
649 2201 712 2244 non
735 2181 954 2265 prensaverim
977 2200 1092 2245 manus
1115 2200 1175 2246 nec
1198 2181 1405 2247 salutantium
1421 2182 1573 2247 confusus
1590 2203 1721 2249 occursu
1744 2193 1802 2250 aut

170 2304 230 2350 sua
250 2284 363 2350 amicis
386 2285 515 2350 uomina
537 2304 599 2350 non
623 2284 817 2350 reddiderim
841 2292 897 2349 aut
920 2284 1026 2349 aliena
1055 2285 1280 2368 imposuerim:
1311 2285 1366 2368 qui
1395 2285 1498 2350 tribus
1526 2306 1592 2351 non
1621 2287 1796 2359 circumivi,

168 2387 331 2453 centurias
353 2408 415 2452 non
438 2388 589 2468 adulavi,
620 2388 744 2453 vocatis
767 2388 926 2453 classibus
949 2408 1012 2453 non
1040 2388 1208 2470 intremui,
1241 2389 1322 2453 nihil
1354 2409 1425 2454 cum
1456 2396 1621 2470 sequestre
1651 2390 1796 2475 deposui,

170 2510 241 2556 cum
263 2491 469 2557 distributore
492 2491 539 2556 nil
562 2491 684 2576 pepigi.
724 2493 887 2557 Romanus
909 2492 1058 2576 populus,
1085 2493 1220 2558 Martius
1236 2512 1378 2576 campus,
1406 2498 1555 2574 equester
1570 2492 1657 2561 ordo.
1684 2501 1797 2568 rostra,

121 2593 282 2672 scurilia,
310 2601 459 2675 senatus,
487 2595 589 2675 curia,
617 2615 699 2661 uuus
722 2596 801 2660 milri
824 2595 931 2660 omnia
953 2594 1138 2660 Gratianus.
1191 2601 1240 2659 ii.
1265 2596 1335 2661 iure
1358 2615 1443 2673 meo,
1477 2596 1623 2678 Auguste
1646 2597 1795 2680 maxime,

168 2696 340 2764 adfirmare
363 2716 512 2781 possum,
542 2698 696 2763 incolumi
724 2699 864 2763 omnium
887 2697 1011 2782 gratia,
1046 2698 1102 2780 qui
1132 2698 1174 2762 ad
1206 2698 1290 2763 bunc
1320 2698 1470 2764 honorem
1496 2696 1625 2764 diversa
1647 2720 1798 2782 umquam

168 2800 286 2866 virtute
308 2808 464 2867 venerunt
493 2801 682 2885 venturique
713 2809 787 2867 sunt
814 2808 900 2881 (suus
931 2801 1016 2866 enim
1047 2801 1161 2884 cuique
1191 2801 1336 2881 animus,
1370 2822 1463 2867 suum
1493 2802 1641 2868 meritum
1673 2804 1799 2888 sibique

169 2924 260 2970 mens
282 2904 412 2970 muscia
433 2909 505 2986 est),
532 2905 611 2984 iure,
637 2905 779 2986 inquam,
806 2924 877 2969 meo
899 2904 1070 2969 adfirmare
1093 2924 1223 2989 possum
1247 2925 1297 2970 me
1320 2905 1399 2970 mibi
1422 2905 1524 2971 videri
1547 2925 1568 2970 a
1590 2906 1705 2971 ceteris
1727 2927 1799 2974 esse

170 3014 337 3073 secretum.
388 3013 438 3073 15.
464 3015 539 3074 sunt
562 3027 641 3091 quos
664 3016 807 3073 votorum
831 3008 994 3073 excruciat
1014 3008 1172 3073 inanitas:
1199 3029 1262 3072 non
1285 3009 1405 3093 optavi.
1441 3029 1521 3092 quos
1544 3017 1673 3075 exercet
1694 3011 1799 3075 ambi-

122 3136 150 3176 ιι
169 3117 237 3175 tus:
265 3129 328 3175 non
351 3112 463 3196 petivi.
504 3111 559 3195 qui
582 3111 772 3177 assiduitate
795 3111 992 3195 exprimunt:
1021 3131 1082 3176 non
1106 3111 1206 3193 coegi.
1247 3112 1301 3194 qui
1325 3112 1502 3177 offeruntur
1524 3113 1710 3178 occasione:
1736 3135 1797 3179 non

168 3213 257 3279 affui.
304 3233 384 3297 quos
406 3214 495 3279 iuvat
517 3214 697 3299 opulentia:
733 3214 839 3280 obstat
860 3221 1036 3298 temporum
1061 3214 1248 3298 disciplina:
1282 3235 1345 3279 non
1372 3215 1452 3279 emi:
1487 3235 1546 3280 nec
1569 3235 1699 3299 possum
1722 3237 1799 3281 con-

168 3317 336 3384 tinentiam
357 3319 492 3384 iactare:
528 3338 589 3383 non
612 3317 721 3382 habui.
770 3338 867 3382 unum
891 3323 1056 3401 praestare
1078 3317 1264 3402 temptavi,¹
1284 3326 1316 3382 et
1344 3317 1403 3383 boc
1431 3319 1537 3403 ipsum
1569 3320 1661 3400 quasi
1692 3340 1797 3386 meum

168 3419 333 3485 vindicare
356 3441 418 3486 non
440 3440 586 3505 possum:
614 3422 646 3486 in
669 3428 726 3486 tna
748 3422 832 3486 enim
856 3422 993 3506 positum
1018 3428 1067 3486 est
1089 3421 1248 3504 opinione,
1276 3421 1304 3485 si
1327 3421 1439 3485 merui.

255 3524 331 3588 llll.
361 3528 409 3587 iu.
436 3524 554 3590 Fecisti
569 3531 676 3590 autem
694 3532 726 3589 et
742 3524 841 3590 facies
865 3525 946 3589 alios
969 3545 1095 3608 quoque
1118 3525 1275 3593 consules,
1303 3524 1448 3608 piissime
1466 3525 1630 3594 Gratiano.
1657 3528 1795 3593 sednon

168 3635 201 3694 et
223 3646 323 3693 causa
345 3627 424 3710 pari,
452 3627 537 3692 viros
559 3628 682 3711 gloriae
706 3628 853 3693 militaris
882 3627 1011 3705 (babent
1039 3628 1124 3692 enim
1148 3634 1252 3692 tecum
1277 3636 1311 3693 ut
1333 3647 1460 3712 semper
1483 3629 1602 3696 laboris
1624 3627 1669 3694 ita
1691 3629 1799 3712 digni-

167 3731 244 3796 tatis
267 3730 454 3815 plerumque
478 3731 680 3811 consortium,
706 3731 834 3796 virtutis
857 3751 953 3813 quam
977 3731 1105 3796 honoris
1128 3731 1308 3813 antiquiore
1331 3732 1494 3815 collegio),
1522 3735 1607 3799 viros
1622 3733 1798 3798 nobilitatis

168 3834 321 3916 antiquae
349 3831 475 3916 (dentur
497 3834 582 3899 enim
605 3835 707 3899 multa
729 3834 910 3899 nominibus
933 3841 966 3899 et
988 3841 1037 3899 est
1060 3842 1195 3900 stemma
1218 3854 1274 3918 pro
1298 3835 1434 3913 merito),
1470 3837 1557 3902 viros
1585 3837 1649 3901 fide
1671 3837 1798 3903 inclitos

137 3943 203 4002 eet
223 3936 338 4002 officiis
361 3938 527 4020 probatos,
559 3957 691 4020 quorum
715 3958 767 4003 me
790 3938 916 4003 etiamsi
939 3958 1002 4003 non
1026 3958 1158 4004 secerno
1180 3957 1329 4016 numero,
1364 3946 1472 4005 tamen
1495 3941 1580 4023 quod
1602 3940 1646 4005 ad
1668 3940 1798 4006 honoris

168 4039 255 4105 viam
278 4040 416 4125 pertinet
437 4041 559 4106 ratione
581 4040 747 4125 dispertio.
789 4047 836 4105 17.
863 4048 1010 4124 quartum
1035 4042 1120 4107 bunc
1141 4041 1277 4124 gradum
1300 4042 1374 4106 novi
1397 4043 1544 4108 beneficii
1568 4050 1612 4123 tu,
1639 4043 1794 4126 Auguste,

169 4142 353 4208 constituis:
388 4143 518 4209 differre
540 4144 598 4209 tibi
620 4145 699 4227 ipsi,
734 4166 796 4228 qno
828 4147 910 4211 alter
939 4153 1084 4227 ornetur,
1118 4146 1202 4210 bona
1231 4145 1329 4210 animi
1360 4146 1405 4212 tui
1436 4146 1479 4211 ad
1508 4146 1647 4212 alienam
1679 4147 1798 4212 referre

255 4387 301 4435 111.
323 4387 338 4434 5
357 4387 444 4435 Claud.
466 4388 540 4438 Mem.
562 4398 623 4447 grat.
644 4395 692 4436 act.
713 4388 760 4439 lul.
782 4390 806 4438 d.
830 4377 875 4438 19'

259 4610 289 4660 it
307 4612 472 4660 alemanicum
488 4613 546 4660 Tell
556 4617 579 4659 et
591 4611 617 4658 1ιῖ
633 4614 667 4674 (in
679 4628 729 4672 my.
745 4614 967 4673 aldemannum),
988 4615 1169 4661 aleureunicnm
1184 4612 1262 4671 Μιιιιι,
1283 4614 1446 4660 alemanicum
1460 4620 1504 4662 cei.
1605 4616 1741 4662 tradicione
1756 4615 1797 4661 ΜΙι

174 4699 203 4746 13
222 4704 395 4747 connecterem
415 4715 445 4758 ω,
467 4704 595 4747 conectere
613 4713 657 4759 epo
779 4699 924 4747 foelicitatis
947 4701 967 4746 Τ
987 4701 1095 4761 (semper)
1225 4698 1255 4746 15
1275 4713 1321 4746 neo
1339 4696 1402 4747 d²cE
1417 4701 1489 4758 recipe
1617 4699 1647 4747 iti
1665 4701 1797 4762 aliqnando

173 4784 260 4845 Delpb.
369 4784 401 4834 20
419 4786 591 4846 beneflciieT

256 4872 303 4920 lll.
327 4871 337 4919 1
358 4873 585 4920 animunerlsom.
601 4873 620 4918 Τ
705 4871 906 4919 ΤοδηοιίιιιιιΤ
987 4872 1108 4925 dignitate
1124 4872 1144 4917 Τ
1232 4872 1372 4932 iiquodro,
1388 4878 1449 4933 quot
1465 4872 1519 4919 Tell
1600 4868 1796 4937 invenitJiunc-

170 4959 208 5005 xit
225 4957 314 5018 Haupt
418 4957 433 5005 6
453 4960 620 5019 preasauarim
644 4959 671 5017 Τ,
693 4947 902 5020 prebensauer⁸m
921 4956 946 5003 i²
967 4959 1002 5018 liu
1014 4973 1061 5016 ηις.
1083 4956 1107 5004 ai
1123 4957 1264 5017 pesau'iml,
1285 4956 1424 5018 §assuerim
1445 4956 1488 5003 ΜΙι
1593 4958 1745 5005 salutantum
1760 4957 1794 5015 M,

168 5058 227 5092 cum
245 5046 411 5093 salutantium
436 5042 516 5101 Vend,
537 5046 749 5093 consalutandum
775 5045 827 5092 Vin.
849 5045 918 5104 raolpm
1037 5040 1125 5108 iant]
1145 5051 1174 5090 ut
1194 5043 1222 5089 Μ
1324 5045 1430 5091 circuiui
1452 5043 1472 5088 Τ
1586 5039 1724 5108 dvocatis]
1742 5045 1796 5090 iure

170 5131 262 5180 vocatia
280 5130 399 5178 dmeviue
416 5132 500 5190 volp03
520 5132 643 5192 cs.9,19
747 5130 903 5180 scribendam
922 5144 972 5178 :aas
990 5129 1086 5177 reicietur
1104 5130 1216 5191 disposui
1322 5130 1484 5178 ildiribitorc
1504 5128 1562 5177 l'nr.
1577 5131 1646 5190 υοὶρο
1751 5143 1796 5191 pc·

168 5216 268 5278 pcng
391 5204 574 5266 iO'Gratianus
592 5232 640 5265 om.
659 5219 679 5264 Τ
804 5217 830 5266 11
852 5219 979 5265 adfirmare
999 5215 1033 5275 Μ,
1055 5217 1179 5263 afiirmare
1197 5221 1240 5265 cci.
1349 5230 1449 5278 possum
1468 5229 1514 5264 orn.
1536 5216 1556 5262 Τ
1679 5214 1709 5263 ie
1727 5217 1796 5263 affir-

170 5316 236 5350 mare
255 5318 276 5350 ω
384 5303 414 5351 ii
433 5305 561 5350 excruciat
580 5303 614 5365 Μ,
636 5306 729 5352 cruciat
748 5301 774 5349 lr²
796 5306 830 5363 (in
842 5320 891 5364 my.
913 5302 936 5350 ai
949 5304 1085 5361 excruciat)
1105 5306 1149 5349 cet.
1164 5303 1236 5361 volpe
1345 5301 1374 5349 15
1394 5304 1534 5349 afferuntur
1558 5301 1578 5347 Τ
1684 5301 1713 5348 il
1732 5307 1796 5349 tem-

170 5390 222 5437 tani
242 5388 269 5435 lii
375 5387 405 5436 18
423 5389 534 5445 iudicare
557 5390 601 5449 Te,
622 5391 755 5438 mendicare
774 5395 818 5437 cet.
925 5391 1060 5451 oppinione
1080 5389 1106 5434 Μ

258 5476 316 5523 llll.
340 5474 348 5522 1
371 5471 467 5540 aulem]
486 5475 571 5522 anti*
675 5476 763 5523 faciles
783 5475 809 5522 M
912 5489 1011 5537 quoqne
1030 5475 1091 5522 elios
1111 5474 1138 5520 Μ
1241 5475 1344 5522 ienim
1362 5475 1452 5523 om.T
1554 5488 1620 5521 roma
1639 5488 1670 5535 eu,
1692 5479 1797 5521 stemma

169 5561 297 5620 umas,
317 5561 404 5622 saepe
507 5561 651 5620 incisione
755 5561 837 5609 sear
849 5559 1057 5622 martenesiae
1161 5560 1229 5609 cun
1242 5545 1289 5608 or‘r
1301 5560 1322 5607 r
1420 5562 1458 5608 :ur
1475 5560 1612 5621 racemos
1717 5559 1797 5607 ses-

170 5646 235 5695 iarre
252 5658 275 5695 ar
296 5646 477 5711 (detraherer),
498 5648 612 5699 atrahere
630 5645 666 5693 m²
684 5651 710 5695 iu
728 5648 802 5707 τοι),
821 5650 918 5699 auferre
937 5645 1059 5695 Graevius
1076 5648 1156 5709 culpo,
1177 5646 1278 5694 differre
1298 5645 1436 5695 Μοιηιιιιιιι
