4358 6234
986 342 1215 398 PROOEMIVM.
1800 343 1914 408 XXIII

370 563 472 629 codex
493 564 718 646 Patavinus,
744 563 798 648 qui
822 571 911 630 extat
924 564 958 629 in
975 563 1131 630 ecclesiae
1147 564 1344 630 cathedralis
1358 564 1536 630 Patavinae
1551 528 1767 649 bybliotheca,
1793 566 1907 648 chart,
1925 546 2119 649 liliiisslfllll.

284 684 405 749 formae
427 683 602 764 maximae,
631 683 702 749 4411.
727 688 787 765 33,
820 684 992 768 insignitus
1015 706 1146 750 numero
1169 686 1194 752 Ο
1218 689 1271 750 64.
1318 683 1381 749 duo
1404 684 1436 748 in
1459 684 1519 750 hoc
1541 684 1622 750 libro
1645 685 1817 751 consociati
1839 651 1941 753 sunt(¹
1954 651 1979 691 Μ
1993 654 2035 702 ‘m'

283 799 429 885 codices,
463 823 542 887 quos
571 803 648 869 clim
679 804 854 870 disiunctos
884 804 985 871 fuisse
1016 826 1055 871 ex
1083 805 1145 882 eis,
1179 826 1263 889 quae
1285 806 1312 870 1.
1338 805 1375 868 P.
1400 805 1615 870 Thomasinus
1637 805 1722 871 Bibl.
1748 807 1819 871 Pat.
1844 806 1868 872 4.
1894 809 1913 871 8

284 925 342 988 441.
364 927 382 987 2
406 931 439 990 44
460 925 569 990 Iustus
592 924 790 989 Fontaninus
812 924 895 990 Hist.
921 925 969 991 lit.
995 925 1135 1008 Aquilei.
1161 927 1184 991 1.
1203 926 1219 989 Ι
1241 946 1269 992 4.
1287 925 1337 990 ΠΙ
1359 946 1391 1010 p.
1411 927 1452 989 49
1475 925 1675 1007 rettulerunt,
1699 926 1911 1009 intellegitur.

282 1051 378 1128 atque
401 1045 520 1127 altero,
546 1044 601 1126 qui
623 1065 708 1110 nunc
731 1045 951 1130 complectitur
974 1044 997 1109 4.
1027 1049 1126 1123 1-6,
1154 1046 1353 1112 continentur
1375 1044 1563 1111 Maximiani
1585 1046 1730 1129 elegiae,
1757 1066 1840 1129 quae
1862 1046 1914 1112 in-

283 1165 462 1231 scribuntur
496 1164 701 1230 ‘Maximiani
728 1172 843 1250 poetae
872 1164 1009 1231 illustris
1039 1166 1229 1250 opusculum
1259 1166 1300 1231 de
1322 1165 1393 1231 eius
1415 1165 1490 1231 Vita
1511 1173 1543 1231 et
1566 1166 1764 1247 Senectute',
1798 1167 1909 1246 altero,

282 1285 305 1350 f.
331 1288 476 1367 7¹-26¹,
503 1285 638 1352 Ausonii
660 1286 834 1369 opuscula,
868 1307 951 1370 quae
974 1293 1125 1352 secuntur
1146 1285 1285 1370 paginae
1309 1285 1460 1351 undecim
1481 1306 1615 1352 vacuae.
1663 1286 1824 1372 excerptis
1845 1287 1913 1352 illis

281 1425 385 1488 neque
413 1405 575 1491 inscriptio
605 1406 673 1470 ulla
702 1405 830 1471 adiecta
852 1414 901 1472 444
929 1410 1034 1488 (manu
1057 1406 1186 1472 demum
1209 1405 1394 1472 recentioris
1415 1406 1532 1472 aetatis
1555 1406 1589 1471 in
1612 1405 1635 1471 4.
1662 1411 1693 1470 7ῐ
1715 1406 1913 1492 adscriptum

281 1532 331 1591 est
362 1526 556 1591 ‘Ausonius'
587 1526 753 1608 alteraque
783 1547 880 1592 manu
914 1525 1065 1611 ‘Opera')
1099 1546 1205 1609 neque
1235 1525 1439 1611 subscriptio.
1496 1546 1691 1610 quamquam
1722 1533 1829 1592 autem
1860 1527 1913 1592 hic

280 1645 363 1711 liber
392 1666 432 1711 ex
462 1644 586 1712 duobus
615 1646 778 1712 codicibus
808 1647 1008 1713 consociatus
1038 1654 1104 1729 est,
1137 1653 1258 1727 4444444,
1293 1645 1370 1731 quin
1401 1652 1535 1730 uterque
1565 1647 1606 1711 ab
1637 1646 1750 1713 eodem
1779 1646 1912 1713 librario

280 1765 418 1851 scriptus
451 1767 509 1847 sit,
546 1766 673 1832 omnino
707 1766 846 1832 dubitari
875 1788 939 1833 non
968 1773 1084 1853 potest.
1132 1765 1175 1831 ad
1205 1767 1344 1833 eundem
1371 1773 1455 1832 teste
1485 1766 1648 1848 Morellio,
1686 1767 1742 1850 qui
1771 1766 1911 1833 indicem

281 1885 374 1952 huius
404 1887 629 1972 bybliothecae
659 1886 812 1970 confecit,
845 1887 1006 1953 referendi
1036 1894 1110 1953 sunt
1138 1886 1265 1953 codices
1296 1888 1397 1954 074.
1425 1892 1477 1951 75.
1505 1890 1557 1968 77,
1591 1886 1696 1951 Dua.
1743 1906 1782 1952 ac
1812 1887 1911 1954 libros

280 2007 305 2073 C
329 2011 369 2071 74
393 2013 425 2072 41
447 2011 488 2070 'lb
512 2007 698 2074 exaravisse
721 2009 850 2074 Petrum
873 2008 1062 2074 Baroccium
1084 2007 1283 2091 intellegitur
1305 2027 1346 2073 ex
1368 2007 1433 2089 eis,
1467 2027 1552 2090 quae
1580 2007 1637 2074 4114
1659 2006 1694 2072 44
1716 2007 1778 2073 fine
1802 2028 1911 2074 eorum

279 2127 452 2212 adscripsit
484 2130 561 2211 ‘ego
584 2135 695 2213 petrns
717 2129 882 2194 baroccius
904 2127 1051 2214 patritius
1073 2134 1209 2194 uenetus
1231 2127 1358 2212 incoepi
1382 2178 1388 2192 .
1410 2177 1417 2191 .
1440 2177 1448 2192 .
1469 2126 1622 2208 absolui',
1655 2127 1791 2193 adiectis
1813 2128 1910 2193 simul

280 2246 420 2328 dierum,
453 2247 569 2330 quibus
600 2267 678 2314 usus
708 2254 778 2313 erat
806 2247 839 2312 in
862 2248 914 2314 his
937 2248 1028 2314 libris
1051 2247 1308 2329 conseribendis,
1340 2247 1481 2313 numeris
1505 2247 1591 2313 etin
1614 2247 1725 2313 codice
1749 2252 1789 2311 74
1812 2269 1907 2330 anno,

279 2367 333 2450 qui
363 2366 424 2433 4444
453 2385 697 2433 mccccnxvnn.
753 2375 848 2434 natus
877 2369 906 2434 is
928 2368 1073 2435 Venetiis
1103 2389 1135 2434 a.
1160 2386 1380 2433 mccccxxxxr
1411 2368 1581 2453 episcopus
1611 2375 1738 2433 creatus
1767 2374 1817 2434 est
1846 2370 1910 2434 Be-

279 2487 423 2553 luneusis
457 2510 488 2553 a.
521 2506 773 2563 uccccnxvnn,
814 2489 931 2555 deinde
965 2488 1141 2555 Patavinus
1173 2509 1204 2553 a.
1237 2506 1533 2569 uccccnxxxxvn‚
1575 2507 1637 2571 quo
1671 2508 1802 2553 munere
1835 2510 1908 2554 cum

278 2628 336 2692 per
365 2608 479 2691 viginti
510 2607 578 2674 4444
608 2629 710 2674 annos
739 2609 870 2692 egregie
901 2608 1030 2674 44444444
1056 2614 1159 2689 44444,
1192 2608 1272 2674 obiit
1299 2629 1330 2673 a.
1360 2595 1461 2674 nnvn
1491 2608 1622 2674 ineunte
1655 2606 1706 2688 (cl.
1731 2608 1767 2671 P.
1793 2607 1908 2674 Bemhi

279 2728 363 2793 Hist.
395 2729 475 2794 Ven.
510 2729 532 2793 l.
562 2729 649 2811 VII).
704 2728 874 2814 descripsit
901 2729 986 2795 hunc
1014 2730 1158 2796 codicem
1187 2727 1427 2794 accuratissime
1456 2729 1493 2792 P.
1527 2727 1712 2808 corradini,
1748 2727 1910 2812 professor

279 2849 469 2930 Patavium,
508 2856 603 2933 atque
638 2850 670 2914 in
704 2870 797 2914 usum
831 2869 937 2915 meum
972 2849 1103 2915 contulit
1136 2849 1236 2915 verba
1265 2848 1408 2928 Graeca,
1445 2868 1527 2932 quae
1561 2848 1595 2913 in
1627 2849 1687 2914 1444
1721 2847 1831 2914 codice
1860 2849 1909 2914 14-

276 2976 395 3052 guntur
423 2970 546 3052 omnia,
581 2978 614 3037 et
643 2970 824 3036 Gratiarum
856 2969 1024 3036 actionem.
1080 2976 1247 3055 praeterea
1277 2969 1339 3033 Th.
1365 2970 1539 3034 Mommsen
1571 2969 1746 3053 scripturas
1776 2969 1809 3034 in
1839 2969 1909 3055 epi-

277 3091 464 3171 grammatis
497 3091 635 3174 aliquot,
673 3090 706 3155 in
740 3090 926 3156 Precatione
960 3090 1134 3168 matutina,
1172 3089 1309 3172 denique
1339 3089 1371 3154 in
1401 3089 1549 3174 epistulis
1580 3090 1656 3154 1111.
1688 3089 1776 3154 XVI.
1810 3089 1906 3154 XXII

276 3211 430 3276 enotavit.

365 3330 466 3396 codex
482 3331 689 3397 Perusinus
705 3331 929 3416 bybliothecae
945 3330 1093 3413 publicae
1108 3331 1127 3396 J
1147 3333 1206 3393 ton
1227 3330 1268 3412 (n.
1292 3331 1419 3412 154122),
1447 3328 1561 3406 chart,
1588 3327 1708 3394 formae
1723 3329 1901 3410 oblongae:
1918 3310 2101 3415 ppbppppuu.

278 3449 346 3516 4411.
379 3455 449 3516 143.
498 3451 558 3518 4444
580 3453 671 3533 olim,
698 3450 733 3515 id
754 3451 840 3534 quod
862 3471 902 3517 ex
924 3451 1130 3536 inscriptione
1152 3449 1187 3515 in
1209 3448 1233 3513 4.
1262 3454 1291 3512 1¹
1311 3448 1528 3532 intellegitur,
1554 3448 1739 3516 monasterii
1762 3451 1797 3513 S.
1822 3449 1907 3514 Petri

277 3570 438 3652 Perusini,
478 3571 624 3654 signatus
657 3576 884 3638 4444444124.
932 3593 1028 3657 quam
1062 3591 1129 3637 rem
1162 3570 1294 3654 insuper
1326 3588 1385 3634 sua
1419 3588 1514 3634 manu
1547 3576 1683 3636 testatus
1717 3576 1766 3635 est
1795 3569 1905 3634 Simon

276 3690 485 3774 Franciscus,
522 3691 665 3757 notarius
699 3692 882 3758 monasterii
916 3692 1018 3758 sancti
1048 3690 1151 3773 Petri,
1189 3689 1240 3756 444
1273 3690 1301 3754 44
1331 3689 1413 3756 liber
1440 3690 1615 3756 obvenerat
1644 3711 1684 3756 ex
1714 3697 1906 3756 testamento

276 3811 439 3876 Praucisci
461 3810 659 3877 Maturantii.
707 3811 908 3878 continentur
936 3832 974 3878 eo
1000 3811 1023 3877 4.
1053 3813 1180 3874 1*-52’
1201 3810 1336 3875 Ausonii
1366 3810 1539 3895 opuscula,
1571 3830 1704 3893 quorum
1734 3809 1768 3875 in
1799 3809 1902 3876 fronte

276 3930 356 3997 haec
387 3931 508 4016 scripta
537 3938 627 3997 sunt:
665 3931 817 3998 ‘Ausonii
847 3932 1038 4015 burdigalae
1062 3931 1203 3997 Sassatis
1227 3931 1343 3996 Medici
1372 3951 1411 3996 ac
1441 3937 1554 4015 poetae
1584 3930 1800 4016 praeceptoris
1822 3929 1906 3995 Gra-

276 4051 354 4116 tiani
370 4053 575 4136 Imperatoris
590 4053 833 4138 Epigrammata
855 4059 888 4118 et
902 4053 1067 4138 Epistolae
1090 4072 1153 4118 non
1175 4052 1286 4117 nullae
1307 4050 1489 4137 incipiunt‘,
1516 4050 1549 4115 in
1572 4050 1635 4116 fine
1663 4051 1764 4116 ί44144
1787 4048 1839 4115 σὺν
1862 4056 1906 4137 τῷ
1939 4031 1942 4038 ’

275 4174 340 4258 θεῷ
364 4167 420 4236 ὑπὸ
442 4173 599 4237 νεανίσκου
621 4170 698 4246 τινὸς
726 4173 890 4254 (νεανίσκου
912 4170 989 4246 τινὸς
1011 4173 1044 4239 44
1060 4194 1125 4237 ras.
1147 4192 1244 4237 manu
1267 4172 1349 4236 alia:
1376 4171 1517 4237 deletum
1541 4178 1591 4237 est
1613 4171 1682 4237 sine
1705 4171 1803 4237 dubio
1825 4171 1903 4236 seri·

275 4293 335 4357 bae
366 4295 492 4373 nomen)
526 4294 703 4380 repoooiuoo
733 4294 900 4379 γραφέντος
930 4296 961 4358 ἐν
989 4295 1025 4378 τῇ
1056 4289 1221 4357 ὀυϊκεντῖαε
1257 4330 1298 4340 -
1322 4291 1454 4357 liniunt
1483 4312 1523 4356 ea
1553 4291 1688 4357 Ausonii
1710 4293 1905 4375 Fragmenta

273 4433 356 4495 quae
382 4413 495 4478 inuida
524 4421 638 4479 cuncta
661 4413 830 4479 corrodens
854 4420 998 4479 uetustas
1020 4414 1063 4478 ad
1086 4433 1201 4477 manus
1223 4418 1349 4477 nostras
1371 4411 1483 4477 uenire
1506 4411 1678 4495 permisit’.
1726 4412 1904 4477 Ausonium

274 4532 437 4617 excipiunt
459 4533 670 4616 Prudentius,
704 4534 844 4600 Serenus
867 4532 1107 4612 Sammonicus,
1141 4532 1217 4597 alia.
1264 4532 1297 4597 in
1320 4531 1466 4616 margine
1490 4550 1586 4596 manu
1609 4531 1722 4598 eadem
1747 4551 1904 4596 nonnum-

274 4673 369 4733 quam
394 4653 594 4720 coniccturae
618 4654 796 4739 adspersae
819 4661 903 4720 sunt,
943 4660 1015 4737 post
1038 4653 1061 4717 4.
1080 4657 1099 4715 5
1123 4652 1285 4718 intercidit
1307 4673 1403 4717 unum
1428 4651 1551 4731 lolium,
1578 4672 1640 4734 quo
1661 4652 1905 4718 continebantur

273 4793 302 4837 4.
331 4773 457 4838 XVIIII
480 4795 532 4838 vr.
557 4778 675 4857 4-12,
702 4795 730 4839 e.
757 4773 989 4851 XX—XXIII,
1016 4773 1147 4837 XXIIII
1169 4793 1222 4838 vv.
1252 4777 1374 4839 1—10:
1401 4771 1435 4836 in
1457 4792 1487 4836 e.
1514 4776 1533 4835 2
1557 4792 1587 4836 v.
1615 4779 1633 4835 5
1661 4773 1737 4838 ‘Est
1758 4772 1847 4838 iocus
1868 4771 1902 4835 in

271 4893 406 4975 nostris,
441 4901 514 4959 sunt
544 4894 628 4960 seria
655 4896 756 4959 multa
788 4893 921 4959 libellis'
953 4914 1049 4958 manu
1078 4892 1248 4959 recentiori
1277 4891 1423 4957 adiectus
1454 4898 1513 4956 est.
1561 4892 1660 4957 verba
1690 4892 1815 4957 Graeca
1843 4890 1903 4955 hoe

272 5011 380 5078 codice
411 5015 613 5079 continentur
642 5015 760 5080 omnia.
807 5021 954 5079 accurate
977 5033 1051 5078 eum
1075 5013 1244 5097 descripsit
1266 5013 1307 5076 G.
1334 5013 1450 5077 Loewe
1473 5019 1505 5076 et
1527 5020 1654 5096 praeter
1677 5012 1803 5076 Graeca
1826 5031 1902 5076 con-

271 5133 345 5199 tulit
368 5134 549 5200 Gratiarum
572 5135 742 5201 actionem.

357 5255 458 5321 codex
481 5256 627 5338 Regius
655 5255 883 5339 bybliothecae
905 5255 1006 5321 musei
1030 5253 1224 5334 Britannici,
1260 5254 1443 5337 Kings-Ms.
1471 5257 1530 5334 31,
1564 5254 1717 5334 membr,
1744 5252 1814 5317 4411.
1841 5254 1893 5315 52.
1911 5231 2058 5346 ᾙςῖξξῖ·

271 5376 474 5442 continentur
502 5398 540 5442 eo
570 5377 640 5441 sola
662 5374 796 5440 Ausonii
827 5375 992 5459 opuscula.
1040 5375 1073 5439 in
1096 5374 1199 5440 fronte
1222 5374 1296 5440 libri
1319 5374 1399 5439 haec
1422 5374 1571 5456 leguntur
1604 5372 1755 5438 ‘Ausonii
1779 5373 1898 5437 Poetae
1911 5336 2035 5437 iiiii*

273 5495 484 5561 Disertissimi
517 5496 611 5561 Liber
641 5495 811 5561 Foeliciter
841 5494 985 5579 Incipit',
1017 5495 1051 5559 in
1080 5494 1144 5561 fine
1178 5493 1292 5566 ‘nutu
1321 5493 1451 5577 Hyadro
1483 5493 1544 5557 1)44
1573 5511 1647 5557 xxn
1670 5492 1778 5557 Martii
1804 5495 1897 5555 1475.

269 5616 462 5701 Compleni'.
509 5613 1433 5692 4411444444414444411.Χ1144·.;14-4ῖ),1414111,
1467 5613 1505 5676 Ε.
1532 5611 1629 5677 Xllll
1654 5617 1794 5677 25—33.
1842 5611 1901 5677 de-
