4358 6234
945 332 1107 388 GRIPHVS
1126 335 1255 397 (xxvi,

620 524 677 588 tris
700 523 823 608 primus
846 544 921 609 par,
947 524 1051 608 impar
1073 524 1171 590 habet
1193 524 1416 607 mediumque:
1443 524 1501 590 sed
1523 525 1593 610 ipse

533 701 536 705 ,
620 635 656 693 ut
678 627 752 709 tris,
781 628 827 692 sic
850 628 989 711 quinque
1012 636 1044 694 et
1067 636 1191 713 septem
1214 649 1340 712 quoque
1363 628 1602 709 dividunum,

618 737 650 796 et
674 751 806 796 numero
828 731 861 795 in
885 739 951 796 toto
974 732 1098 815 positus
1121 732 1180 797 sub
1204 733 1352 797 acumine
1375 732 1475 797 centri

618 833 787 916 distinguit
808 833 930 899 solidos
954 835 1051 899 coebo
1074 841 1228 919 pergente
1251 836 1401 913 trientes,

618 938 812 1022 aequipares
836 937 990 1002 dirimens
1013 944 1121 1022 partes
1144 959 1184 1002 ex
1207 938 1319 1022 inpare
1342 946 1443 1003 terno.

618 1049 650 1107 et
672 1041 804 1124 paribus
826 1041 946 1125 triplex
969 1040 1128 1121 medium,
1156 1062 1227 1106 cum
1250 1047 1400 1123 quattuor
1422 1049 1455 1107 et
1477 1062 1535 1107 sex

617 1144 731 1227 bisque
754 1151 981 1227 quatemorum
1006 1144 1182 1209 secernitur
1204 1145 1372 1229 omphalos
1394 1144 1491 1209 idem.

618 1247 668 1311 ius
689 1247 824 1332 triplex,
851 1248 982 1312 tabulae
1004 1248 1089 1330 quod
1112 1255 1160 1312 ter
1183 1268 1319 1313 sanxere
1343 1255 1534 1332 quaternae:

617 1371 758 1430 sacrum,
786 1352 944 1436 privatum
968 1357 1000 1416 et
1022 1353 1132 1437 pepuli
1157 1373 1324 1418 commune
1346 1352 1430 1436 quod
1453 1373 1587 1435 usquam
1611 1361 1671 1418 est.

617 1455 857 1520 interdictorum
880 1456 997 1520 trinum
1021 1475 1141 1538 genus:
1170 1456 1254 1520 tunde
1278 1456 1427 1541 repulsus

618 1559 650 1623 vi
673 1558 763 1624 fuero
787 1566 843 1624 aut
865 1559 972 1623 utrubi
995 1559 1092 1625 fuerit
1114 1580 1289 1642 quorumve
1313 1559 1478 1625 bonorum.

617 1661 735 1747 triplex
760 1662 894 1728 libertas
917 1662 1095 1746 capitisque
1119 1663 1251 1727 minutio
1274 1663 1403 1747 triplex.

618 1767 736 1832 trinum
759 1766 889 1832 dicendi
910 1785 1012 1849 genus
1036 1772 1102 1831 est:
1129 1766 1285 1847 sublime,
1312 1766 1509 1849 modestum,

618 1878 651 1936 et
672 1870 760 1936 tenui
783 1870 849 1935 filo.
896 1870 1014 1954 triplex
1037 1890 1161 1954 quoque
1185 1870 1289 1935 forma
1311 1870 1480 1950 medendi,

618 1975 670 2040 cui
693 1976 783 2058 logos
806 1982 863 2039 aut
884 1974 1051 2039 methodos
1074 1975 1189 2056 cuique
1213 1975 1415 2059 experientia
1438 1996 1564 2041 nomeu.

617 2085 650 2144 et
672 2077 832 2144 medicina
854 2079 983 2163 triplex:
1012 2097 1159 2157 servare,
1188 2099 1317 2159 cavere,
1345 2080 1477 2145 mederi.

617 2181 674 2246 tris
697 2189 855 2246 oratorum
879 2182 1003 2246 cultus:
1029 2189 1166 2265 regnata
1188 2184 1315 2248 colosso

616 2304 712 2366 quem
734 2283 878 2368 Rhodos,
904 2285 1045 2350 Actaeae
1068 2305 1162 2367 quem
1186 2285 1347 2352 dilexistis
1370 2286 1518 2352 Athenae

616 2395 649 2454 et
671 2408 764 2471 quem
789 2387 830 2453 de
853 2389 981 2454 scaenis
1004 2389 1117 2453 tetrica
1140 2389 1182 2453 ad
1206 2390 1364 2455 subsellia
1386 2390 1485 2454 traxit

616 2511 715 2576 prosa
736 2492 850 2572 Asiae,
876 2492 910 2556 in
933 2492 1040 2557 causis
1063 2512 1213 2557 numeros
1236 2493 1361 2558 imitata
1384 2493 1563 2558 chororum.

615 2596 761 2681 Orpheos
784 2596 859 2661 hinc
880 2595 1037 2680 tripodes,
1064 2596 1140 2679 quia
1162 2603 1237 2661 sunt
1259 2596 1332 2661 tria:
1359 2602 1461 2677 terra,
1489 2617 1591 2678 aqua,
1618 2596 1759 2662 flamma.

531 2720 542 2759 r
616 2700 734 2785 triplex
758 2699 918 2765 sideribus
942 2699 1080 2784 positus,
1108 2699 1280 2782 distantia,
1308 2700 1421 2765 forma.

615 2810 648 2867 et
669 2803 783 2867 modus
807 2808 839 2867 et
861 2802 1009 2886 genetrix
1031 2802 1231 2868 modulorum
1255 2803 1378 2868 musica
1400 2804 1532 2888 triplex:
1623 2864 1625 2871 .

614 2905 715 2970 mixta
736 2905 844 2981 libris,
871 2912 996 2970 secreta
1019 2905 1132 2985 astris,
1161 2906 1293 2990 vulgata
1315 2907 1461 2971 theatris.

614 3009 730 3073 Martia
752 3010 854 3073 mma
876 3009 993 3093 triplex
1017 3009 1177 3091 equitatu,
1206 3009 1318 3093 plebe,
1346 3016 1473 3075 senatu.

614 3112 674 3178 bec
695 3132 827 3177 numero
849 3112 951 3177 tribus
974 3120 1007 3177 et
1029 3131 1121 3177 sacro
1144 3112 1185 3177 de
1208 3120 1315 3177 moute
1337 3112 1468 3177 tribuni.

613 3217 671 3281 tris
694 3216 835 3298 equitum
859 3223 1001 3297 turmae,
1028 3217 1089 3281 tria
1111 3216 1240 3281 nomina
1263 3216 1464 3281 nobiliorum.

613 3321 743 3386 nomina
766 3326 840 3384 sunt
863 3319 991 3385 chordis
1014 3320 1094 3400 tria,
1122 3327 1195 3385 suut
1217 3320 1278 3385 tria
1301 3320 1429 3384 nomina
1451 3321 1564 3386 mensi.

613 3422 781 3506 Geryones
803 3423 963 3507 triplices,
990 3423 1107 3508 triplex
1131 3442 1277 3508 conpago
1300 3423 1501 3488 Chimaerae.

613 3526 724 3610 Scylla
746 3527 883 3610 triplex,
911 3527 1072 3592 conmissa
1093 3528 1213 3592 tribus:
1241 3547 1338 3606 cane,
1365 3525 1508 3608 virgine,
1534 3527 1634 3609 pisce.

613 3629 780 3713 Gorgones
803 3629 1032 3714 Harpyiaeque
1056 3637 1088 3695 et
1109 3631 1247 3714 Erinyes
1270 3630 1398 3713 agmine
1421 3635 1511 3693 terno

526 3753 558 3795 es
613 3739 645 3799 et
667 3733 725 3799 tris
748 3733 918 3813 fatidicae,
945 3754 1061 3799 nornen
1085 3754 1264 3807 commune,
1293 3733 1457 3817 Sibyllae,

611 3856 746 3919 quarum
770 3837 958 3920 tergemini,
985 3837 1098 3902 satalia
1121 3837 1279 3919 carmina,
1307 3837 1396 3915 libri,

362 4084 393 4133 iil
418 4084 477 4132 lior.
499 4085 580 4145 Epist.
602 4084 626 4130 ll
647 4082 670 4144 i,
691 4082 741 4131 225
864 4081 897 4130 68
922 4082 1031 4130 Marcell.
1052 4083 1083 4129 de
1103 4083 1169 4130 med.
1190 4082 1206 4130 o
1224 4083 1288 4144 quod
1314 4082 1381 4143 logos
1400 4088 1445 4129 aut
1463 4081 1591 4129 methodos
1610 4082 1772 4143 simplexque
1790 4085 1909 4144 empirica

278 4171 365 4232 pangit
468 4169 501 4220 80
519 4171 595 4230 Verg.
616 4171 679 4218 Aen.
700 4169 724 4216 V
744 4168 794 4217 560
812 4174 863 4216 tres
882 4170 996 4229 equitum
1015 4205 1021 4217 .
1040 4205 1067 4217 ..
1090 4175 1186 4216 turmae

361 4395 393 4445 bl
413 4399 493 4458 impar
510 4395 597 4444 em.P
684 4395 716 4443 55
735 4394 1054 4455 quimediusquinqueu
1144 4393 1240 4441 iuisP
1326 4393 1358 4440 57
1378 4394 1472 4454 quoebo
1490 4394 1517 4449 V,
1539 4394 1597 4440 cebo
1611 4391 1640 4454 P,
1661 4394 1728 4441 coelo
1743 4393 1774 4455 Τ,
1793 4391 1875 4442 ribei

273 4490 394 4545 pergente
418 4484 446 4544 V,
465 4489 600 4544 pergentes
619 4481 649 4543 P,
675 4487 798 4546 pereunte
818 4497 838 4528 ω
980 4481 1011 4528 58
1035 4482 1130 4559 impare
1150 4481 1191 4529 Pru
1332 4480 1365 4527 59
1393 4493 1444 4527 rur.
1467 4480 1496 4537 P,
1523 4486 1631 4540 quatuor
1654 4479 1674 4524 Τ
1811 4480 1840 4529 61
1863 4471 1909 4529 lui

279 4565 395 4628 V(sm²‘y
505 4568 537 4617 bl
557 4565 593 4634 vi]
612 4569 678 4616 utV
781 4573 824 4614 aut
842 4568 926 4615 utrubi
946 4563 981 4629 hi,
1002 4569 1088 4615 utruui
1108 4568 1133 4623 V,
1156 4568 1256 4615 autrubi
1271 4566 1299 4626 P,
1321 4564 1417 4614 autribi
1434 4566 1463 4623 T,
1484 4571 1528 4611 aut
1547 4566 1628 4612 utrobi
1647 4570 1691 4613 cst.
1800 4566 1833 4615 ot
1852 4581 1909 4628 cap-

272 4688 399 4750 tisqueP
518 4633 642 4738 bisptilblnl
765 4702 864 4751 quoque
885 4723 911 4736 ..
930 4724 936 4736 .
958 4688 1049 4749 triplex
1071 4687 1104 4746 (e.
1125 4687 1167 4743 69}
1188 4701 1235 4735 om.
1258 4687 1280 4732 P
1398 4685 1432 4734 68
1450 4699 1501 4747 que
1525 4684 1568 4741 Vt,
1589 4699 1638 4747 que
1658 4685 1708 4749 Τχ,
1728 4688 1786 4746 quui
1803 4687 1869 4734 Saul.

269 4775 356 4835 longus
379 4775 443 4837 th
462 4774 510 4824 dai.
531 4771 593 4837 mi),
615 4772 717 4834 legesl
832 4774 860 4823 'li
883 4780 952 4822 actea
975 4774 1003 4834 V,
1023 4771 1137 4822 aetorei
1253 4773 1284 4823 72
1301 4779 1356 4833 post
1374 4770 1440 4822 732
1559 4770 1592 4820 lt
1610 4777 1638 4819 et
1654 4755 1705 4832 qui
1722 4772 1868 4819 discernaris
1891 4774 1911 4817 V

273 4862 300 4920 (n
317 4875 338 4909 a.
359 4876 383 4908 v.
402 4857 446 4922 m5)
469 4860 493 4908 P
630 4862 715 4908 scenis
737 4860 765 4922 Τ,
786 4863 883 4909 scaenis
902 4858 916 4908 λ
1051 4851 1172 4909 aub⁸ellia
1194 4861 1213 4904 V
1232 4862 1252 4919 [a
1270 4856 1316 4919 m²i
1459 4856 1490 4905 lu
1509 4859 1570 4905 asiei
1594 4858 1614 4904 V
1742 4869 1854 4905 summm
1872 4857 1909 4907 Pl

273 4942 434 5007 scerpham
459 4946 501 4994 Vos
611 4948 701 4994 sintria
718 4946 741 4993 P
843 4948 942 4994 flamme
959 4949 998 4994 vet
1016 4949 1116 5009 tlammq
1135 4962 1156 4994 ω
1266 4945 1298 4993 75
1319 4945 1449 5004 syderibus
1468 4943 1491 4990 P
1593 4942 1713 4991 distadP
1815 4941 1848 4991 76
1866 4958 1910 5004 ge·

271 5032 356 5079 uetrix
378 5032 414 5091 Vt,
441 5034 549 5091 genitrix
569 5037 615 5081 eet.
763 5032 794 5079 'll
814 5034 892 5079 astrix
915 5069 965 5079 ...
987 5033 1096 5079 theatris
1115 5033 1138 5079 P
1276 5031 1310 5079 tu
1328 5027 1385 5096 hoc]
1403 5031 1464 5077 baec
1483 5028 1497 5078 λ
1637 5024 1746 5094 tribuni]
1764 5029 1868 5076 triblum
1889 5027 1911 5073 P

271 5116 305 5169 80
324 5108 433 5168 t'rmaaa
456 5119 564 5177 Vicorr.
585 5115 630 5178 m2)
756 5117 785 5166 iii
808 5110 889 5167 cordi⁸
913 5119 938 5171 l',
960 5118 1038 5166 cordis
1059 5117 1095 5167 Τλ
1217 5137 1239 5164 e.
1262 5116 1294 5166 82
1314 5120 1340 5164 iu
1358 5132 1407 5175 mg.
1429 5118 1478 5178 ins.
1506 5116 1525 5158 V
1644 5112 1676 5162 82
1696 5115 1809 5174 gerionea
1829 5114 1872 5162 Por

270 5206 362 5268 triplex
382 5204 440 5254 Pas.
461 5205 532 5264 uolgo
641 5219 757 5267 compago
778 5221 798 5253 or
906 5208 996 5252 elmere
1018 5205 1039 5251 P
1163 5204 1196 5251 st
1214 5205 1290 5262 scylla
1313 5200 1396 5259 Vlm2
1415 5207 1441 5250 iu
1458 5217 1508 5250 sua.
1529 5206 1546 5249 8
1564 5203 1635 5261 tut),
1656 5201 1718 5258 sylla
1738 5199 1759 5245 P
1862 5201 1909 5248 tri-

271 5292 331 5355 plex
353 5291 432 5354 Vlex
450 5287 489 5338 m²
506 5294 533 5338 in
551 5304 601 5339 roa.
623 5294 637 5336 t
658 5291 717 5349 litt.)
824 5292 954 5338 commissa
973 5306 993 5339 ω
1100 5290 1131 5338 sl
1151 5281 1271 5353 gorgonei
1293 5290 1313 5334 V
1333 5292 1354 5347 (s
1371 5286 1416 5350 νηῒ)
1524 5288 1682 5349 harphalieae
1700 5287 1860 5347 quaesternia
1883 5286 1908 5339 lu

271 5389 301 5434 tra
315 5391 384 5441 rus.;
404 5384 416 5426 t
433 5391 462 5425 a
480 5390 495 5436 a
513 5372 559 5437 mi)
580 5364 678 5423 i⁰miua
702 5376 762 5437 V(e
779 5374 830 5438 m²;
851 5381 865 5424 ἰ
884 5379 910 5424 iu
927 5392 942 5423 a
958 5377 1032 5432 muti
1176 5376 1332 5437 arpaliceque
1356 5380 1383 5422 et
1406 5375 1470 5423 erlui
1492 5372 1521 5434 P,
1547 5375 1682 5436 arpiaeque
1707 5377 1733 5419 et
1758 5373 1841 5420 eriues
1863 5370 1907 5432 Τλ,

272 5464 425 5528 harpyiaqua
443 5470 471 5512 at
488 5463 600 5522 srtnyies
621 5462 655 5523 83
681 5461 788 5522 {ortum
806 5463 1009 5524 Harpalycaeque
1027 5462 1197 5522 scribendum
1222 5476 1280 5510 suom
1300 5460 1382 5509 eodem
1399 5459 1472 5508 modo
1491 5474 1537 5522 quo
1555 5476 1580 5508 v.
1601 5462 1634 5509 90
1653 5457 1907 5517 summasunmna,

269 5582 296 5617 a.
314 5566 351 5619 ³0
368 5564 455 5617 um
473 5565 660 5630 nemeaeum,
678 5566 807 5615 Ausonias
818 5566 944 5630 Harpyias
955 5565 1112 5628 Harpalycaa
1130 5579 1216 5614 vocure
1231 5567 1313 5626 potuit
1419 5563 1452 5615 85
1471 5569 1523 5613 tras
1542 5562 1570 5624 P,
1592 5563 1624 5610 tri
1643 5559 1668 5623 λ,
1687 5527 1721 5609 ttiri
1743 5561 1764 5608 l·
1868 5575 1910 5610 eo·

270 5666 350 5703 urana
368 5650 415 5701 Μ’
517 5653 620 5705 ribhlaa
640 5652 691 5717 VP,
711 5650 852 5714 quum
955 5649 989 5703 86
1007 5652 1111 5701 erimina
1133 5667 1155 5699 ω

1649 5750 1703 5801 i'l'
