4358 6234
1006 329 1162 386 AVSONII

605 519 775 604 adspirans
797 527 911 586 tenues
934 541 991 605 per
1012 521 1127 586 inertia
1148 519 1292 605 pondera
1313 525 1429 586 motus.

605 631 719 706 quarta
739 623 773 688 in
796 623 874 689 sede
895 623 985 707 viget
1006 624 1100 708 primi
1122 623 1326 707 indulgentia
1348 623 1434 688 Solis

606 727 722 792 suadet
742 733 775 791 et
796 726 923 792 infusus
946 734 1073 793 teneros
1096 729 1278 794 coalescere
1300 727 1397 794 fetus.

606 832 713 914 fulgor
733 837 900 914 tetragono
922 837 1055 916 aspectu
1077 831 1176 897 vitale
1199 838 1346 898 coruscat

607 936 735 999 clarum
749 941 781 999 et
802 935 876 1000 leue
898 934 1031 1015 micans,
1057 934 1222 1018 quintique
1246 936 1296 1021 <e>
1319 934 1451 1000 cardine
1474 935 1560 1019 signi

606 1037 718 1104 incutit
740 1037 907 1102 attonitam
929 1043 1081 1120 vegetato
1104 1038 1226 1104 infante
1253 1046 1430 1122 parentem.

605 1162 679 1206 nam
704 1147 794 1206 sexto
816 1141 865 1205 vis
888 1140 979 1205 nulla
1001 1142 1086 1222 loco,
1117 1141 1194 1224 quia
1215 1143 1307 1207 nulla
1328 1141 1440 1208 tuendi

522 1266 552 1302 e
605 1245 733 1328 aequati
757 1246 866 1310 lateris
889 1245 1035 1328 signatur
1056 1246 1170 1329 regula
1192 1246 1333 1311 Phoebo.

605 1355 656 1413 ast
678 1349 732 1412 ubi
755 1347 929 1430 signiferae
952 1347 1060 1413 media
1081 1348 1115 1413 in
1141 1348 1273 1432 regione
1296 1348 1433 1414 cohortis

606 1451 761 1535 septimus
784 1451 908 1535 accepit
931 1451 1024 1517 limes
1047 1452 1213 1517 rutilantia
1233 1451 1371 1516 flammis

605 1561 690 1619 recto
713 1560 819 1619 castra
841 1554 922 1633 situ,
948 1554 1107 1638 turgentis
1130 1553 1264 1619 foedera
1286 1560 1397 1639 partus

605 1658 669 1722 iam
693 1659 789 1742 plena
812 1658 870 1723 sub
893 1658 965 1723 luce
988 1657 1092 1740 videt,
1120 1677 1180 1723 nec
1202 1658 1331 1742 fulgura
1353 1656 1442 1742 parci

521 1785 526 1797 ·
605 1762 736 1828 luminis
759 1761 928 1827 intendens
949 1768 1015 1828 toto
1037 1762 1124 1828 fovet
1146 1761 1221 1844 igne
1244 1780 1391 1828 coronae.
1473 1820 1475 1824 ,

605 1864 680 1930 binc
702 1865 802 1948 illud,
829 1864 913 1946 quod
936 1864 1098 1948 legitimos
1121 1865 1243 1930 Lucina
1265 1864 1391 1931 labores

605 1968 773 2052 praevenit
796 1974 828 2032 et
849 1967 1003 2051 gravidos
1027 1967 1123 2032 sentit
1147 1967 1312 2052 subripere
1339 1967 1434 2033 nixus

605 2077 680 2136 ante
704 2077 907 2154 expectatum
930 2069 1049 2135 festina
1072 2090 1230 2155 puerpera
1252 2076 1371 2135 votum.

605 2173 793 2256 quodnisi,
822 2179 954 2256 septeno
977 2193 1049 2239 cnm
1072 2173 1196 2238 lumina
1218 2171 1301 2239 fudit
1322 2173 1363 2238 ab
1387 2179 1489 2254 astro,

521 2303 525 2313 ·
605 2270 768 2361 impulerit
789 2277 874 2342 tardi
897 2277 1036 2342 claustra
1059 2277 1258 2342 obluctantia
1280 2283 1408 2362 partus,

606 2380 761 2465 posterior
783 2386 934 2463 nequeat,
962 2379 1066 2464 possit
1086 2379 1187 2464 prior:
1215 2401 1258 2445 an
1281 2380 1357 2462 quia
1380 2386 1471 2446 sexto

605 2484 753 2549 aemulus
776 2483 881 2549 octavi
904 2489 1094 2568 conspectus
1117 2482 1241 2548 inutilis
1263 2483 1342 2548 astri

605 2588 708 2653 nescit
730 2587 910 2672 conpariles
932 2588 1071 2653 laterum
1095 2584 1233 2652 formare
1256 2586 1399 2671 figuras?

605 2700 655 2758 set
676 2711 759 2757 nono
781 2691 970 2757 incumbens
993 2691 1086 2775 signo
1109 2691 1292 2756 cunctantia
1314 2697 1449 2756 manum

605 2804 680 2861 vota
701 2797 803 2876 levat,
830 2796 954 2879 trigono
977 2794 1064 2860 vires
1087 2796 1231 2861 sociante
1254 2795 1413 2879 sequenti.

605 2907 639 2964 at
662 2899 690 2964 si
713 2898 856 2964 difficilis
879 2898 976 2964 trabit
998 2898 1132 2983 llitbyia
1154 2905 1343 2980 retrorsum,

605 3009 771 3086 tetragono
794 3001 940 3067 absolvet
962 3001 1131 3067 dubiarum
1155 3002 1263 3066 vincla
1285 3022 1456 3067 morarum.

356 3318 388 3366 21
414 3317 489 3366 Gens.
510 3319 534 3380 S,
558 3316 589 3366 10
614 3323 724 3365 ceterum
743 3334 757 3364 a
775 3318 827 3364 loco
845 3320 918 3364 sexto
937 3324 1085 3378 conspectus
1103 3318 1171 3366 omui
1196 3322 1263 3365 caret
1283 3317 1435 3365 efficientia:
1467 3318 1523 3364 eius
1541 3317 1610 3364 euim
1630 3317 1697 3364 linea
1716 3317 1814 3365 nulllus
1831 3316 1901 3377 polp-

270 3407 329 3465 goui
347 3406 425 3452 eflicit
444 3405 509 3452 latus
614 3402 645 3449 27
666 3403 741 3450 Gens.
761 3401 787 3458 8,
809 3401 840 3449 10
858 3408 883 3449 at
901 3417 914 3449 a
932 3403 1040 3462 septimo
1059 3403 1128 3451 zodio
1148 3439 1155 3452 .
1174 3440 1179 3450 .
1196 3439 1201 3450 .
1221 3404 1379 3463 plenissimus
1396 3404 1642 3464 potentissimusque
1660 3408 1812 3466 conspectus
1827 3416 1902 3463 quoa

271 3491 327 3538 dam
347 3491 396 3538 iam
415 3496 523 3537 maturos
543 3491 654 3536 infantes
667 3489 762 3550 educit,
782 3489 826 3549 qui
845 3492 1050 3546 septemmestres
1063 3490 1231 3551 appellantur,
1252 3491 1311 3551 quia
1330 3490 1437 3550 septimo
1456 3503 1542 3537 mense
1555 3495 1695 3537 nascuntur
1800 3487 1833 3535 31
1846 3502 1901 3550 sqq.

270 3578 346 3626 Gens.
367 3576 391 3637 8,
416 3576 441 3625 11
471 3577 537 3624 atsi
557 3577 621 3624 intra
645 3575 689 3623 hoc
713 3576 822 3636 spatium
842 3580 1006 3623 maturescere
1031 3581 1120 3624 uterus
1144 3590 1192 3624 non
1217 3577 1341 3638 potuerit,
1367 3582 1452 3626 cctam
1474 3590 1563 3624 mense
1580 3589 1631 3623 non
1650 3575 1733 3624 editur
1759 3577 1800 3637 (ab
1818 3581 1903 3623 nauso

272 3666 340 3712 enim
359 3664 430 3724 signo
448 3669 478 3711 ut
496 3680 510 3711 a
528 3669 599 3711 sexto
617 3664 734 3711 inefficax
755 3664 833 3724 visus)
861 3662 964 3710 sedvel
984 3676 1047 3710 nouo
1075 3676 1161 3710 mense
1179 3665 1218 3710 vel
1237 3664 1333 3712 decimo
1437 3661 1468 3712 11
1484 3677 1521 3725 sq.
1548 3661 1623 3712 Gens.
1644 3661 1669 3724 8,
1693 3661 1724 3711 12
1748 3664 1785 3712 sol
1804 3664 1904 3710 anima

270 3764 335 3798 nono
361 3751 428 3799 zodio
452 3750 598 3812 particulam
623 3751 793 3811 conceptionis
813 3764 911 3798 rursum
930 3750 1051 3810 conspicit
1073 3745 1140 3798 κατὰ
1156 3745 1278 3818 apl-pauno
1303 3757 1328 3798 ct
1346 3767 1361 3797 a
1379 3749 1475 3800 decimo
1493 3746 1560 3801 κατὰ
1576 3746 1748 3818 τετράγωνον,
1775 3750 1819 3811 qui
1844 3761 1903 3795 cou-

273 3841 384 3897 upectus‚
405 3841 434 3883 nt
453 3851 527 3899 supra
546 3839 594 3885 iam
614 3839 710 3886 dictum
729 3842 777 3899 est,
797 3851 916 3899 perquem
935 3842 995 3885 sunt
1013 3838 1127 3884 elllcaoes

360 4128 390 4176 19
408 4129 605 4191 fortusseprima
710 4130 742 4179 20
757 4132 855 4179 inlusos
872 4131 899 4192 V,
915 4132 1015 4178 inlusus
1030 4114 1096 4177 Seni.
1204 4128 1234 4178 21
1252 4131 1373 4190 tetrigono
1390 4129 1482 4178 Vcorr.
1498 4128 1565 4176 Saul.
1672 4132 1791 4189 aspectus
1808 4128 1899 4176 Vcon.

277 4217 331 4263 Via.
456 4215 488 4263 22
507 4206 621 4277 quinth⁵
647 4217 671 4275 V,
692 4217 775 4278 quinti
793 4219 839 4277 qui
858 4217 924 4264 ὅσοι.
945 4218 1026 4278 volpe,
1047 4217 1182 4278 quirrthue
1201 4231 1215 4263 o
1233 4230 1285 4276 epo,
1306 4215 1443 4276 quintiquc
1461 4218 1488 4263 iu
1510 4215 1576 4273 Vim,
1597 4215 1734 4276 quinthna
1751 4228 1767 4260 a
1785 4213 1902 4262 Hermam

272 4300 304 4348 25
324 4301 405 4364 phebo
428 4302 447 4347 V
549 4301 582 4351 26
600 4304 708 4360 signiter
727 4339 733 4352 .
752 4337 780 4351 ..
803 4303 915 4351 cobortes
939 4303 1037 4350 Vcorr.
1059 4301 1126 4349 Saul.
1240 4301 1376 4351 aaronem
1401 4301 1420 4347 V
1528 4298 1560 4349 29
1579 4301 1652 4361 plens
1674 4300 1697 4361 (a
1714 4296 1761 4359 οὔ)
1782 4300 1830 4347 sub
1848 4300 1903 4347 lnce

274 4387 330 4446 (sub
349 4389 388 4434 luc
409 4390 436 4434 in
454 4402 504 4435 roa.
524 4385 568 4447 mi]
595 4388 614 4433 V
729 4387 757 4435 31
780 4388 839 4436 illut
861 4389 881 4434 V
992 4389 1025 4437 32
1044 4391 1179 4450 subrepere
1197 4386 1277 4448 Lupd.
1299 4388 1371 4447 oclpo
1485 4385 1518 4434 34
1536 4369 1588 4447 qud
1611 4386 1630 4433 V
1743 4384 1777 4433 35
1796 4385 1862 4433 tardi
1886 4385 1905 4431 V

273 4474 296 4535 (d
316 4487 345 4520 cs
363 4474 380 4534 t)
487 4473 519 4522 :ro
538 4464 626 4535 ueqlat
651 4473 670 4519 V
689 4475 712 4536 (q
731 4471 768 4522 m2
785 4476 812 4521 iu
830 4478 891 4535 rua.)
1005 4474 1036 4522 31
1059 4476 1176 4522 aemulus
1194 4462 1273 4521 ⁰⁰taui
1295 4473 1316 4520 V
1334 4473 1383 4530 (lus
1402 4462 1454 4521 ⁰⁰te
1471 4469 1508 4521 m²
1526 4474 1553 4520 in
1570 4472 1630 4530 rur.)
1747 4471 1781 4519 111
1800 4472 1863 4519 nlrls
1884 4470 1904 4517 V

269 4558 298 4607 11
321 4559 351 4607 ad
375 4560 394 4605 V
514 4542 753 4608 hilidusiderar'rsu
776 4561 801 4623 V,
823 4562 925 4619 llitbyia
943 4568 1077 4609 retrorsum
1098 4561 1214 4608 Heinsius
1319 4566 1418 4622 partum
1439 4561 1535 4622 [partus
1554 4557 1678 4619 Floridca)
1702 4558 1782 4607 trabit
1800 4558 1901 4617 llitbyia

275 4645 330 4692 Tou
347 4646 418 4706 colpe
