4448 6226
860 340 1137 401 EPIGRAMMATA
1159 344 1351 411 (III—VIIII).

295 707 366 770 Vll.
393 707 605 772 PIOTVRAII
627 707 800 773 SVBDITI
821 706 893 772 VBI
916 707 999 774 LEO
1022 707 1112 773 VNA
1133 707 1322 775 SAGITTA
1336 708 1365 773 A
1380 709 1603 778 GRATIANO
1626 712 1803 779 OOOISVS
1825 711 1917 778 EST.

629 861 722 940 Quod
744 862 795 928 leo
817 867 883 928 tam
906 861 994 928 tenui
1016 862 1139 947 patitur
1161 862 1220 928 sub
1243 862 1422 930 harundine
1444 865 1561 948 letum,
1903 886 1919 936 e

717 986 781 1032 non
803 965 887 1032 vires
909 965 1003 1047 ferri,
1031 967 1090 1032 sed
1112 965 1259 1033 ferientia
1281 973 1393 1051 agunt.
1878 971 1918 1032 (ω)

720 1207 809 1272 VIII.
839 1207 1120 1275 EXHORTATIO
1142 1208 1202 1273 AD
1224 1208 1490 1276 MODESTIAM.

627 1361 731 1427 Fama
753 1367 803 1426 est
824 1361 975 1428 fictilibus
999 1381 1133 1428 cenasse
1155 1363 1354 1447 Agathoclea
1376 1385 1485 1448 regem

714 1471 811 1549 atque
833 1465 968 1531 abacum
991 1466 1099 1532 Samio
1122 1487 1221 1553 saepe
1243 1488 1394 1534 onerasse
1417 1468 1500 1549 luto,

629 1569 751 1636 fercula
772 1569 942 1652 gemmatis
965 1590 1038 1635 cum
1061 1577 1195 1656 poneret
1216 1570 1347 1637 horrida
1368 1571 1457 1637 vaslo

714 1678 746 1738 et
766 1673 915 1739 misceret
935 1693 1015 1758 opes
1036 1673 1285 1759 pauperiemque
1310 1675 1418 1741 simul.

562 1799 575 1837 a
630 1776 796 1860 quaerenti
818 1796 950 1841 cansam
972 1777 1153 1862 respondit:
1185 1783 1257 1843 ‘rer
1280 1799 1341 1862 ego
1363 1778 1418 1861 qui
1442 1799 1512 1845 snm

716 1880 878 1961 Sicaniae,
905 1880 1003 1964 figulo
1026 1900 1098 1946 sum
1120 1881 1264 1965 genitore
1287 1885 1403 1948 satus’.

630 1983 795 2050 fortunam
818 1992 1001 2050 reverenter
1022 1984 1122 2062 habe,
1149 1985 1339 2068 quicumque
1362 1991 1493 2071 repente

716 2085 807 2153 dives
830 2089 872 2153 ab
895 2088 973 2154 exili
996 2087 1200 2173 progrediere
1223 2089 1303 2155 loco.

729 2329 832 2394 VIIII.
861 2328 908 2394 IN
931 2327 1185 2409 euvifflunu
1206 2329 1482 2395 ADVLTERAII.

629 2484 757 2550 Toxica
780 2485 928 2570 zelotypo
951 2483 1041 2550 dedit
1062 2503 1142 2550 uxor
1163 2484 1299 2550 moecha
1320 2484 1448 2550 marito:

715 2606 775 2653 nec
800 2586 880 2654 eatis
902 2587 945 2653 ad
968 2593 1101 2654 mortem
1124 2586 1261 2653 credidit
1283 2607 1356 2653 esse
1379 2587 1501 2653 datum.

629 2690 757 2757 miscuit
777 2691 904 2775 argenti
926 2691 1038 2757 letalia
1060 2689 1204 2776 pondera
1225 2691 1304 2772 vivi,

717 2801 844 2877 cogeret
867 2800 901 2858 ut
923 2794 1060 2861 celerem
1084 2793 1134 2858 vis
1156 2793 1321 2877 geminata
1342 2813 1466 2860 necem.

564 2920 577 2958 a
632 2897 755 2963 dividat
776 2895 857 2962 haec
879 2897 906 2962 si
929 2896 1017 2981 quis,
1046 2896 1169 2962 iaciunt
1191 2895 1329 2962 discreta
1350 2917 1528 2963 venenum:

716 2999 896 3066 antidotum
919 3007 1041 3082 sumet,
1067 2998 1122 3082 qui
1145 2999 1267 3065 sociata
1289 2999 1389 3065 bibet.

629 3124 706 3188 ergo
728 3104 811 3169 inter
833 3123 906 3169 sese
928 3102 1004 3168 dum
1026 3102 1123 3168 noxia
1146 3104 1262 3187 pocula
1284 3108 1423 3183 certant,

717 3207 814 3273 cessit
836 3206 943 3274 letalis
965 3226 1050 3272 noxa
1073 3205 1271 3272 salutiferae.

383 3452 456 3503 vni.
492 3452 560 3501 Plut.
588 3451 706 3515 apophth.
736 3465 787 3512 reg.
812 3456 838 3498 et
856 3453 916 3513 imp.
937 3465 959 3500 s.
981 3466 1005 3499 ν.
1028 3450 1223 3511 Agathocles13
1249 3450 1285 3499 id.
1304 3448 1362 3518 περὶ
1379 3452 1426 3500 τοῦ
1445 3445 1533 3500 ἑαυτὸν
1552 3448 1665 3501 ἐπαινεῖν
1683 3447 1861 3519 ἀνεπιφθόνως
1882 3451 1922 3500 13.

297 3538 384 3588 Oodex
402 3538 614 3599 Lindeubrogll'l
637 3537 681 3600 (cf.
705 3538 775 3586 Ccec.
795 3536 867 3588 Beth.
889 3536 927 3586 td.
954 3535 1085 3600 Woelfflin
1100 3551 1127 3598 p.
1150 3540 1207 3599 itt:
1229 3536 1355 3585 Caecilius
1374 3538 1467 3585 Balbus
1485 3538 1530 3588 lib.
1551 3539 1602 3586 1111
1620 3538 1652 3585 de
1670 3551 1730 3598 nug.
1750 3536 1922 3600 Philosophor.

297 3625 445 3687 Agathocles
462 3639 507 3674 rex
526 3625 608 3673 dicero
626 3624 726 3686 solitus,
745 3637 804 3672 auro
822 3628 941 3685 tanquam
960 3624 1080 3671 natilibus
1097 3627 1123 3670 et
1141 3623 1262 3672 uctilihna
1279 3627 1400 3685 tanquam
1418 3637 1477 3673 auro
1495 3625 1618 3673 utendum
1637 3628 1676 3672 est
1693 3619 1740 3689 [cs.
1762 3623 1821 3673 Sen.
1837 3624 1919 3686 Epist.

295 3715 307 3761 I
326 3712 357 3773 5,
376 3710 392 3761 6
411 3725 517 3771 magnus
534 3712 578 3759 ille
596 3715 652 3770 est,
675 3710 721 3772 qui
739 3711 857 3758 tictillbus
875 3711 912 3758 sic
930 3711 1012 3757 utitur
1031 3709 1238 3770 quemadmodum
1256 3714 1371 3771 argento:
1399 3724 1446 3758 nec
1463 3711 1509 3759 ille
1527 3711 1607 3758 minor
1624 3715 1678 3770 est,
1706 3712 1750 3772 qul
1768 3713 1804 3759 sic
1821 3717 1923 3772 argente

297 3799 379 3847 utitur
395 3797 602 3862 quemadmodum
620 3793 760 3862 fictilibus}
798 3797 872 3856 longe
897 3798 966 3844 enirn
991 3795 1160 3858 praestantius
1184 3801 1223 3845 est
1241 3797 1354 3845 moribus
1371 3797 1546 3858 splendescere
1564 3811 1638 3859 quam
1657 3798 1741 3847 rebus.
1779 3797 1922 3845 cumcuim

297 3886 324 3933 ln
348 3884 414 3933 vauls
439 3884 559 3932 fictilibus
583 3888 726 3945 manasset,
754 3883 935 3943 quaerentibus
958 3896 1057 3931 cansam
1081 3882 1159 3930 huius
1180 3883 1277 3931 dixtine
1296 3882 1390 3931 lemur:
1415 3884 1470 3931 Rex
1493 3896 1537 3944 ege
1561 3897 1616 3931 uum
1640 3884 1687 3931 sini
1708 3883 1824 3946 Similae,
1850 3885 1925 3945 figulo

297 3985 352 4020 sum
369 3971 481 4032 genitore
499 3975 577 4021 satus.
615 3970 751 4018 Fortunam
776 3974 921 4018 reverenter
945 3969 1021 4030 habe,
1050 3970 1195 4030 quicunque
1219 3973 1323 4031 repente
1348 3970 1427 4018 Dives
1445 3971 1475 4018 ab
1493 3971 1554 4018 exili
1574 3970 1729 4031 progrediere
1748 3969 1826 4018 dome.
1864 3983 1924 4018 con-

296 4057 409 4106 siderans
428 4058 495 4105 enlm
514 4057 635 4105 humilem
653 4061 734 4104 ortum
754 4069 828 4104 suum
848 4056 914 4104 rasis
933 4055 1054 4105 fictilibus
1072 4059 1207 4104 contentus
1225 4060 1287 4106 erat.
1323 4057 1410 4106 Ioanu.
1433 4055 1527 4106 Sarisb.
1548 4057 1598 4106 Pel.
1621 4056 1644 4104 V
1663 4054 1709 4106 17:
1730 4056 1771 4105 Sic
1788 4070 1848 4105 auro
1865 4061 1924 4105 tan·

295 4158 371 4206 quam
393 4144 525 4203 fictilibus,
549 4143 669 4191 fictilibus
691 4142 766 4205 quasi
789 4155 848 4191 auro
871 4146 958 4191 utatur
976 4176 1118 4191 .......
1140 4143 1211 4204 atqui
1235 4143 1309 4204 longe
1326 4144 1495 4205 praestantius
1513 4148 1553 4191 est
1570 4143 1680 4191 moribus
1698 4142 1829 4204 splendere
1847 4157 1921 4205 quam

295 4231 380 4292 rebus,
401 4243 447 4279 nec
464 4243 548 4278 rerum
566 4243 676 4291 unquam
695 4229 777 4291 specie
796 4229 974 4289 illustrabitur,
995 4242 1071 4290 quem
1089 4242 1150 4276 suae
1169 4229 1334 4291 turpitudinis
1352 4229 1449 4277 macula
1468 4229 1624 4278 dehonestat.
1655 4229 1790 4278 Fictilibus
1808 4242 1924 4278 coenasse

298 4316 387 4365 ierunt
404 4315 554 4376 Agathoclea
577 4329 659 4376 regem
682 4315 767 4377 Atque
786 4315 888 4362 abacum
907 4313 991 4362 Samlo
1008 4328 1083 4377 saepe
1101 4328 1217 4363 onerasse
1234 4315 1302 4377 luto,
1326 4316 1430 4364 Feronia
1448 4317 1578 4376 gemmatis
1596 4329 1653 4364 cnm
1670 4321 1775 4376 poneret
1791 4329 1865 4364 aurea
1883 4330 1926 4364 va·

297 4404 333 4452 sis
352 4402 386 4450 lit
404 4403 520 4451 misceret
537 4416 597 4465 opes
615 4403 814 4465 pauperiemque
832 4401 918 4450 simul.
956 4402 1092 4460 Quaerenti
1109 4415 1210 4449 cansam
1228 4402 1369 4463 respondit:
1391 4403 1445 4450 Rex
1463 4415 1508 4463 ego
1525 4403 1568 4464 qui
1587 4416 1643 4451 sum
1661 4401 1761 4453 Siciliae
1781 4437 1787 4451 .
1804 4438 1833 4450 ..
1854 4401 1925 4450 domo

381 4488 468 4538 Villi.
504 4488 571 4538 Plin.
592 4489 624 4538 N.
644 4488 678 4537 Η.
698 4487 833 4536 xxvnu

382 4713 441 4763 vlt.
478 4714 567 4760 lemme
586 4711 654 4760 usu
670 4716 693 4760 st
710 4708 739 4759 c²
756 4713 783 4759 in
798 4727 847 4772 mc.
868 4707 905 4758 m²
925 4711 948 4773 (a
966 4710 1086 4760 Gratiano
1103 4715 1162 4759 ente
1179 4724 1231 4760 una
1248 4711 1277 4772 s,
1302 4711 1578 4774 portenaticum),
1607 4713 1645 4761 De
1663 4712 1804 4760 leccenna
1822 4716 1922 4760 tantum

297 4799 386 4862 sagitta
404 4814 418 4846 a
436 4798 555 4848 Gratiano
573 4799 653 4848 occiso
670 4803 726 4859 cet,
746 4799 845 4846 nuttam
863 4794 999 4859 tannarii

383 4886 452 4933 v111.
489 4885 638 4934 Exhortatio
658 4884 799 4948 (Exortatio
815 4881 895 4946 Μυῒ)
918 4885 948 4932 ad
969 4885 1114 4933 modestiam
1131 4884 1196 4949 virg
1212 4889 1310 4946 praeter
1326 4902 1351 4946 a,
1371 4889 1398 4933 r'n
1416 4899 1462 4947 qno
1480 4889 1514 4932 eat
1532 4887 1571 4932 De
1585 4899 1643 4946 rege
1656 4885 1792 4947 Agathocle
1805 4884 1923 4946 modesto,

295 4972 396 5020 nullm
414 4972 504 5020 lemma
523 4972 544 5019 T
674 4969 685 5019 l
706 4970 848 5031 agathoclea
870 4970 890 5017 V
908 4972 931 5032 (e
950 4985 979 5019 su
998 4970 1029 5032 ts)
1162 4985 1280 5020 caenasse
1301 4970 1390 5020 chd.
1410 4970 1585 5031 Lindenhropti
1714 4970 1729 5020 2
1748 4971 1883 5020 honerasse
1907 4972 1928 5018 V

296 5054 435 5124 hiercula]
454 5057 583 5119 poculaT
687 5056 767 5104 orrida
789 5055 814 5116 V,
840 5070 916 5105 aurea
934 5072 955 5105 ω
975 5058 998 5106 1.
1018 5055 1111 5106 Fartab.
1133 5056 1186 5106 Pol.
1213 5057 1238 5118 V,
1263 5060 1292 5105 lt
1398 5057 1664 5118 bquaerentlcanaam
1686 5056 1708 5105 V
1727 5057 1855 5119 (icturus.
1870 5054 1922 5119 m²3

296 5142 332 5192 mi
350 5143 537 5205 ntutdatwecl
651 5156 709 5191 cum
727 5143 774 5189 alni
793 5140 846 5191 ced.
868 5142 943 5191 Lind.
1061 5143 1076 5193 6
1095 5144 1205 5191 sicaniae
1221 5144 1241 5193 V
1260 5145 1290 5205 (lc
1307 5142 1345 5192 ml
1362 5147 1389 5192 tn
1405 5143 1481 5205 real,
1500 5145 1596 5193 siciliae
1614 5143 1666 5193 cod.
1688 5143 1764 5192 irad.
1785 5145 1808 5193 1.
1829 5142 1923 5193 Forisb.

298 5231 315 5280 l.
335 5245 358 5280 e.
463 5245 487 5281 s.
509 5230 572 5292 laq.
594 5232 621 5279 in
635 5226 667 5291 p³
686 5229 861 5292 (adscriptam
882 5234 968 5278 centra
986 5230 1062 5277 nlmIs
1080 5230 1167 5291 elatos)
1273 5224 1337 5297 loeo]
1355 5229 1427 5277 domo
1445 5229 1498 5279 cod.
1520 5229 1594 5280 Lind.
1616 5231 1638 5278 1.
1661 5230 1755 5279 Fortsb.
1775 5232 1794 5281 l.
1814 5245 1836 5278 c.

382 5317 453 5365 vni.
492 5317 582 5364 tommo
599 5317 627 5364 in
649 5315 835 5377 Vllinnaptam
854 5314 931 5376 acas„
951 5315 1101 5378 Euripulam
1120 5319 1138 5364 r'.
1154 5331 1175 5366 e.
1197 5317 1348 5379 Eurypylam
1369 5315 1462 5378 Pstpsr,
1483 5330 1518 5364 cn
1535 5317 1705 5379 Furlplnami
1722 5316 1756 5376 cs.
1772 5314 1922 5365 Fcbrsstdsm.

297 5401 330 5450 od
347 5402 423 5463 Dion.
446 5403 559 5463 111393
586 5403 722 5450 veneticam
741 5399 836 5459 Hastati
980 5401 1018 5449 De
1043 5416 1119 5451 uxore
1142 5416 1208 5465 quae
1230 5401 1301 5450 dedit
1318 5402 1407 5451 marito
1425 5403 1507 5451 toxica
1528 5403 1617 5463 (toxica
1635 5405 1722 5451 marito
1739 5402 1764 5463 p)
1783 5397 1857 5468 φρῖμ,
1888 5402 1925 5449 De

296 5488 396 5537 moecha
413 5489 459 5550 qni
477 5488 547 5536 dedit
565 5502 694 5536 uenenum
712 5489 784 5536 uxori
802 5483 837 5549 bi,
863 5487 902 5535 De
926 5501 1004 5537 uxore
1028 5501 1092 5549 quae
1116 5490 1200 5537 noluit
1224 5489 1308 5536 ulrum
1332 5502 1432 5537 ueneno
1456 5502 1543 5537 necare
1561 5504 1594 5554 χ,
1618 5489 1720 5537 nuttam
1738 5490 1826 5536 lamnae
1847 5484 1926 5548 Turpe

298 5572 309 5621 l
331 5575 439 5637 zelotipo
462 5574 514 5636 VT,
533 5575 640 5637 celotipo
658 5573 685 5621 lli
706 5573 768 5635 (zel-
785 5571 832 5635 mi)
936 5574 1052 5622 moeccha
1072 5575 1100 5634 T,
1122 5571 1235 5635 castap³
1346 5573 1459 5623 intorte
1479 5575 1583 5637 Vicere.
1596 5571 1640 5634 νηΐ)
1760 5574 1872 5624 haunit
1892 5573 1922 5634 T,

297 5659 382 5709 sumet
399 5659 429 5708 Ι
529 5661 596 5717 bibit
615 5661 636 5709 Τ
739 5659 872 5724 Slaqtalis
893 5659 921 5720 V,
940 5660 1052 5710 mortalis
1074 5661 1095 5709 T
1196 5662 1272 5710 nexta
1290 5657 1347 5723 lipi
