4358 6234
271 4560 333 4607 Iulis
352 4558 418 4609 Scol.

270 4992 358 5038 metrii
381 4990 401 5035 T
418 4991 442 5050 (5
460 5006 489 5039 er
508 5008 521 5039 a
540 4989 583 5053 ml)

438 515 554 561 nomen
577 496 714 563 dedere:
740 517 783 561 an
804 515 920 561 nomen
942 495 1003 560 hoc

439 606 549 664 secuta
571 620 694 665 morum
718 600 852 680 regulet

438 703 559 767 anille
582 703 706 768 venturi
730 703 836 768 sciens

438 806 548 869 mundi
573 826 741 889 supremus
763 805 898 886 arbiter,

438 910 566 991 qualern
590 909 713 975 creavit
734 909 892 986 moribus,

437 1011 533 1076 iussit
554 1014 661 1077 vocari
684 1013 849 1077 nominel'

437 1134 553 1180 nomen
576 1115 686 1180 datum
711 1115 892 1201 praeconiis

437 1218 585 1301 vitaeque
608 1219 801 1284 testimonio.

435 1321 546 1388 libelle
569 1321 665 1401 felix,
693 1343 787 1405 quem
812 1322 883 1385 sinu

436 1425 485 1489 vir
507 1432 616 1490 tantus
639 1427 767 1490 evolvet
790 1444 847 1488 suo

436 1549 496 1594 nec
518 1529 665 1611 occupari
689 1536 835 1612 tempora

435 1640 527 1713 grato
548 1639 700 1714 queretur
721 1630 804 1695 otio:

409 1754 530 1816 quem
553 1734 642 1799 mille
667 1732 765 1819 (tum)
789 1732 877 1798 vocis
900 1731 1004 1797 modis

435 1836 500 1901 leni
522 1844 579 1901 aut
601 1857 731 1902 susurro
754 1836 914 1921 impertiet

434 1941 549 2023 cuique
573 1940 689 2023 vigiles
712 1940 867 2004 luminum

357 2066 361 2077 ·
435 2064 550 2107 vacare
574 2044 753 2125 dignabunt
775 2061 885 2106 corae:

434 2167 529 2228 quem
553 2153 660 2210 mente
683 2154 715 2211 et
736 2166 813 2210 aure
837 2145 972 2209 consciis

434 2249 626 2331 quibusdam
649 2249 777 2313 omissis
800 2248 956 2334 perleget.

434 2373 654 2435 quaecumque
677 2352 803 2418 fortuna
826 2350 974 2431 esttibi,

434 2475 551 2540 perge,
578 2477 596 2520 o
619 2455 744 2536 libelle,
773 2461 805 2520 et
828 2462 917 2519 utere

368 2582 380 2619 c
433 2559 588 2624 felicitate
610 2558 793 2623 intermina.

433 2663 483 2727 dio
507 2681 557 2726 me
581 2662 688 2727 valere
712 2670 744 2727 et
766 2663 891 2741 vivere,

432 2766 483 2830 dic
506 2764 616 2830 vivere
640 2787 680 2829 ex
703 2772 775 2829 voto
799 2765 868 2849 pio,

433 2869 551 2934 sanctis
574 2876 755 2953 precantem
780 2868 930 2948 vocibus,

432 2979 467 3038 ut
487 2994 583 3056 quem
608 2973 728 3038 curulis
751 2973 897 3056 proxima

347 3099 357 3137 r
431 3076 567 3159 collegio
590 3077 656 3140 nati
681 3075 785 3156 dedit,

430 3179 515 3243 buno
537 3197 646 3243 rursus
671 3179 834 3260 Augustus
858 3178 944 3261 prior·

430 3283 497 3347 suis
520 3289 676 3366 perennet
699 3281 851 3346 fascibus,

430 3386 583 3450 subnecte
607 3392 639 3450 et
661 3383 743 3448 illud
766 3384 898 3449 leniter:

436 3490 607 3573 ‘apologos
631 3509 671 3553 en
694 3486 782 3551 misit
805 3487 861 3551 tibi

364 3616 375 3651 c
429 3593 470 3656 ab
494 3611 594 3673 usque
617 3591 722 3655 Rheni
744 3590 846 3655 limite

359 3871 391 3918 45
410 3870 474 3918 dede
497 3870 517 3915 T
666 3868 699 3916 54
717 3870 827 3916 involvet
849 3870 902 3916 Totl
920 3874 992 3931 volgo

273 3967 327 4006 tum
346 3972 394 4006 om.
416 3973 453 4017 ur,
482 3935 562 4002 iudicet
581 3968 639 4015 eqo,
669 3969 727 4001 oum
750 3954 822 4003 Vm!
838 3957 910 4015 volpe

272 4046 378 4104 ipartiet
397 4043 419 4088 Ε
522 4040 554 4087 59
573 4042 665 4101 cuique
687 4040 707 4085 T
725 4042 783 4102 (que
801 4041 860 4090 odd.
880 4040 937 4105 m2),
959 4057 1008 4104 que
1025 4059 1075 4093 om.
1095 4049 1140 4093 cet.

271 4143 341 4192 coreq
358 4129 384 4190 T,
401 4128 491 4190 choreq
503 4131 547 4175 cet.
566 4128 594 4187 E,
610 4140 680 4174 corre
693 4128 746 4176 luc.
764 4128 944 4178 Constantinus

1238 496 1416 577 Ausonius,
1442 516 1559 563 nomen
1581 496 1719 578 Italum,

1239 605 1426 684 praeceptor
1448 599 1586 683 Augusti
1609 599 1675 681 tui,

1239 702 1412 787 Aesopiam
1435 703 1642 784 trimetriam,

1239 826 1336 887 quam
1359 807 1455 873 vertit
1476 807 1554 872 exili
1576 807 1650 872 stilo

1240 910 1389 993 pedestre
1413 910 1611 975 concinnans
1632 929 1716 993 opus

1239 1011 1329 1077 fandi
1352 1013 1501 1078 Titianus
1523 1011 1658 1077 artifex:

1240 1122 1274 1181 ut
1295 1116 1370 1181 bine
1392 1108 1445 1181 avi
1468 1135 1507 1181 ac
1529 1115 1630 1200 patris
1654 1115 1772 1189 decus,

1238 1219 1338 1284 mixto
1361 1239 1532 1302 resurgens
1555 1217 1733 1301 sanguine,

1238 1321 1491 1408 Probiano<que>
1515 1328 1611 1404 atque
1633 1320 1766 1400 Anicio,

1239 1432 1274 1490 ut
1295 1426 1455 1507 quondam
1480 1425 1513 1489 in
1534 1424 1638 1489 Albae
1661 1424 1831 1490 moenibus

1238 1547 1406 1612 supremus
1429 1528 1540 1593 Aenea
1562 1534 1652 1592 satus

1238 1630 1356 1696 Silvios
1378 1631 1459 1696 Iulis
1481 1630 1627 1711 miscuit,

1239 1735 1284 1799 sic
1305 1735 1386 1811 iste,
1412 1735 1467 1815 qui
1489 1739 1585 1798 natus
1607 1733 1683 1812 tibi,

1238 1836 1296 1902 flos
1319 1837 1520 1902 flosculorum
1543 1835 1688 1917 Romuli,

1237 1940 1369 2005 nutricis
1391 1940 1475 2004 inter
1496 1941 1650 2005 lemmata

1237 2044 1369 2126 lallique
1393 2043 1581 2108 somniferos
1603 2040 1716 2107 modos

1236 2153 1364 2211 suescat
1386 2146 1508 2230 peritus
1531 2145 1651 2211 fabulis

1236 2249 1330 2314 simul
1354 2249 1451 2314 iocari
1476 2256 1507 2314 et
1530 2249 1684 2314 discere’.

1237 2352 1298 2438 <etl
1323 2350 1407 2417 adde
1430 2360 1557 2434 votum,
1583 2351 1669 2433 quod
1692 2352 1746 2437 pio

1169 2482 1181 2518 e
1235 2455 1442 2539 concepimus
1464 2456 1511 2520 rei
1534 2456 1612 2521 deo:

1240 2566 1292 2623 ‘ut
1314 2559 1439 2641 genitor
1461 2560 1629 2642 Augustus
1652 2559 1744 2627 dedit

1235 2663 1370 2745 collegio
1393 2663 1459 2727 nati
1483 2663 1638 2745 Probum,

1234 2766 1280 2830 sic
1303 2765 1477 2829 Gratianus
1499 2766 1584 2830 lrunc
1607 2787 1724 2832 novum

1233 2868 1324 2953 stirpi
1347 2868 1474 2933 futurae
1498 2870 1652 2952 copulet'.

1232 2979 1302 3035 rata
1324 2977 1397 3036 sunt
1419 2971 1545 3053 futura,
1571 2993 1655 3055 qnae
1679 2974 1802 3056 loquor.

1233 3074 1278 3139 sio
1302 3073 1510 3160 merita<que>
1535 3082 1567 3140 et
1589 3076 1691 3142 fatum
1714 3078 1838 3143 iubent.

1233 3178 1290 3242 sed
1313 3178 1377 3241 iam
1402 3183 1437 3242 ut
1458 3179 1607 3260 loquatur
1629 3180 1750 3263 lulius,

1233 3280 1323 3344 fandi
1346 3279 1476 3345 modum
1500 3281 1600 3346 inrita
1623 3283 1735 3367 accipe

1232 3384 1413 3466 volucripes
1437 3383 1585 3449 dimetria

1232 3488 1378 3570 haveque
1402 3486 1486 3550 dicto
1509 3488 1561 3553 dio
1584 3490 1670 3554 vale.

1143 3873 1175 3920 55
1194 3887 1226 3921 ne
1248 3874 1268 3919 T
1288 3872 1357 3932 (corr.
1377 3867 1422 3929 mi)
1445 3868 1479 3929 Μ,
1502 3883 1585 3930 neup
1738 3872 1769 3920 57
1789 3875 1833 3920 ille
1854 3873 1874 3920 T

1050 3960 1118 4005 uocie
1136 3938 1160 3975 ⁰⁸
1179 3959 1259 4007 modis
1276 3974 1307 4019 p,
1339 3958 1407 4003 uocis
1426 3956 1466 4004 mo
1487 3956 1507 4001 T
1653 3957 1685 4006 58
1705 3960 1756 4006 leni
1780 3971 1830 4007 cm.
1855 3959 1874 4005 Τ

1250 4044 1283 4092 60
1302 4056 1390 4091 uacare
1413 4042 1433 4087 Τ
1452 4042 1475 4099 le
1489 4057 1529 4102 pr.
1550 4055 1579 4089 cx
1596 4057 1610 4090 o
1627 4040 1673 4104 νηῒ)
1781 4059 1852 4094 corae
1869 4043 1902 4102 Ι,

1049 4130 1081 4180 92
1099 4127 1224 4197 inmissis
1239 4130 1259 4176 Τ
1272 4131 1308 4191 (tn
1319 4145 1368 4189 τηρ.
1382 4127 1427 4189 m¹l
1512 4129 1623 4191 pelleget
1639 4128 1718 4190 ΤΜΕ,
1736 4132 1902 4193 perlegerat.

274 4215 306 4263 ot
325 4229 475 4276 quecunque
493 4220 532 4262 eet
551 4214 690 4261 fortuuaT
793 4214 826 4263 99
845 4218 926 4264 curuli
945 4216 1000 4279 TM,
1021 4218 1113 4265 curulis
1132 4223 1176 4268 oet.
1193 4217 1216 4263 E
1318 4213 1350 4262 72
1369 4214 1561 4276 perbemuetM
1664 4214 1899 4279 reensionem

272 4300 302 4348 Π
323 4302 363 4348 sul
385 4301 471 4362 T(tul
489 4298 534 4362 m2)
556 4298 591 4361 Μ,
611 4301 649 4346 tui
668 4304 713 4349 cet.
735 4301 758 4346 Ε
861 4302 893 4351 te
912 4304 1077 4365 trimeutriem
1098 4302 1126 4349 Μ
1230 4302 1262 4352 89
1281 4300 1398 4363 pedestre
1419 4299 1450 4361 Τ,
1469 4300 1533 4362 pede
1551 4307 1596 4351 cet.
1618 4302 1641 4349 Ε
1744 4300 1774 4351 81
1797 4305 1902 4353 tlclenue

432 4386 465 4436 82
484 4387 525 4434 blo
543 4402 573 4443 ω,
596 4387 655 4433 hinc
674 4384 811 4436 Mommsen
914 4386 954 4455 ac]
972 4395 1046 4451 etque
1069 4390 1141 4437 Tlmu

415 4473 587 4533 Probiauoque
606 4488 633 4519 ec
651 4474 740 4520 Anicio
758 4474 824 4522 Serri.
846 4475 924 4535 volpe,
946 4456 1116 4537 Probionoque
1134 4482 1209 4537 atque
1229 4477 1316 4522 Anicio
1339 4473 1393 4521 Vin.

534 4559 567 4607 88
587 4560 625 4607 tui
647 4560 676 4620 T,
697 4564 758 4606 tuus
776 4565 831 4622 cet,
852 4561 899 4608 tibi
922 4561 984 4621 Tell,
1005 4576 1038 4609 cn
1055 4564 1101 4608 tibi
1121 4566 1177 4610 est?

271 4654 335 4693 mete
354 4652 398 4694 cet.
506 4644 535 4693 91
557 4647 651 4706 leliqua
670 4645 834 4694 souiferosT
936 4646 968 4695 92
988 4649 1079 4707 peritis
1095 4647 1275 4709 ΤΜρΕυοὶρο,
1297 4648 1393 4709 peritus
1412 4651 1457 4693 cet.
1564 4645 1596 4694 93
1615 4647 1690 4694 simul
1710 4654 1737 4695 et
1754 4646 1872 4696 ioceriT

270 4734 343 4779 locali
363 4730 392 4777 Μ
493 4733 589 4779 discere
612 4731 676 4793 TMp
698 4735 733 4792 liu
751 4733 824 4792 mo),
846 4731 932 4778 ludere
949 4747 966 4791 p
984 4738 1029 4780 cet.
1053 4733 1074 4779 E

270 4823 333 4866 tuere
350 4820 402 4879 pie,
424 4832 572 4881 qumquam
590 4821 665 4866 etiem
682 4818 712 4865 de
730 4819 801 4878 pium
820 4818 857 4864 vel
876 4818 913 4878 pli
930 4821 1032 4878 cogitari
1048 4823 1126 4879 potest

270 4906 349 4952 fetum
373 4901 445 4952 l'err.⁴
462 4906 532 4964 volco
637 4906 709 4953 iubet
727 4903 785 4951 Por.
806 4903 878 4961 uolgo
984 4904 1032 4953 192
1051 4902 1107 4971 red]
1125 4906 1202 4953 sicT

695 4989 742 5039 195
762 5004 860 5050 auoque
879 5005 900 5036 ω
1004 4997 1059 5050 poet
1078 4992 1133 5038 uale
1151 4991 1210 5040 odd.
1233 4992 1287 5038 ruit
1307 4988 1335 5035 M

1255 4387 1287 4437 83
1306 4387 1434 4446 refulgens
1457 4384 1531 4435 l'cu.⁴
1548 4389 1620 4448 volpe
1734 4387 1768 4438 84
1787 4390 1903 4438 Probinou

1525 4472 1557 4522 87
1576 4475 1654 4521 lulius
1673 4489 1706 4535 ω,
1727 4476 1802 4523 lullls
1824 4471 1899 4531 Vnst.

1291 4560 1324 4609 99
1344 4549 1453 4609 lemii'ate
1475 4560 1495 4605 T
1515 4559 1547 4617 (m
1565 4557 1622 4620 m²,¹,
1644 4562 1766 4609 leminete
1786 4561 1821 4621 Μ,
1841 4563 1900 4610 lem-

1195 4732 1228 4780 94
1248 4741 1274 4780 et
1291 4747 1338 4781 om.
1362 4748 1393 4794 ω,
1415 4731 1472 4781 add.
1493 4747 1511 4792 p
1533 4733 1567 4792 (in
1585 4731 1646 4792 mo.)
1672 4730 1748 4781 Μαι*
1850 4733 1900 4794 for·

1245 4817 1289 4866 tot
1312 4833 1361 4880 que
1380 4817 1475 4878 addidi,
1496 4833 1545 4867 om.
1566 4834 1587 4866 ω
1705 4820 1744 4868 sic
1762 4822 1851 4869 merite
1867 4819 1898 4868 tie

1315 4903 1364 4953 194
1384 4905 1530 4966 uolucripeu
1553 4905 1574 4950 T
1594 4905 1617 4966 (u
1637 4920 1667 4953 ea
1685 4920 1697 4953 e
1714 4902 1761 4966 m²l
1864 4905 1897 4952 dl·
