4358 6234
818 1582 1255 1702 APPENDIX.

968 1850 1122 1860 ——-—·

1023 2039 1053 2113 I.

431 2219 740 2319 Pnuluuflnn
773 2219 983 2318 nonnul
1015 2216 1222 2317 ILIADIS
1258 2218 1326 2315 HT
1358 2215 1640 2316 obrosum.

312 2449 343 2517 1.
375 2451 411 2517 Si
433 2451 624 2534 Homerum,
657 2451 843 2536 scriptorem
865 2449 971 2515 Troici
993 2449 1072 2515 belli
1096 2455 1246 2532 eatenus,
1279 2469 1343 2532 qua
1365 2447 1502 2514 Iliadem
1525 2468 1617 2514 suam
1639 2446 1750 2533 incipit
1771 2465 1851 2530 qua·
1869 2455 1920 2508 llo

223 2575 285 2640 que
307 2554 393 2637 finit,
419 2574 676 2641 percenseamus,
705 2574 811 2621 orsum
835 2554 876 2620 ab
898 2553 1067 2619 iracundia
1089 2551 1226 2618 Achillis
1249 2552 1293 2618 ad
1315 2553 1511 2636 sepulturam
1534 2550 1682 2617 Hectoris
1705 2556 1853 2633 quattuor

225 2665 257 2724 et
278 2657 393 2741 viginti
414 2657 513 2723 libros
536 2658 738 2724 contexuisse
761 2657 1022 2725 monstrabimus.
1069 2656 1150 2722 haec
1173 2655 1243 2723 eius
1266 2655 1392 2740 species
1416 2662 1551 2740 apparet
1571 2673 1729 2720 summam
1747 2661 1851 2720 cutem

225 2759 319 2846 primi
341 2758 447 2846 operis
476 2760 623 2826 intuenti.
670 2780 780 2827 verum
804 2760 864 2827 hoc
887 2760 1062 2845 scripturae
1092 2759 1195 2844 ipsius
1223 2766 1351 2843 tempus
1374 2757 1512 2823 Troiano
1543 2758 1630 2823 bello
1652 2777 1716 2823 non
1738 2763 1847 2833 totum,

190 2862 285 2929 used
306 2882 410 2948 paene
425 2861 572 2929 ultimum
595 2863 667 2929 fuit.
715 2884 789 2930 nam
813 2863 841 2929 si
864 2864 946 2929 ratio
968 2863 1113 2948 putanda
1136 2870 1185 2929 est
1206 2860 1453 2947 oppugnationis
1469 2861 1632 2941 decennis,
1658 2880 1762 2927 nonus
1785 2859 1853 2925 fere

225 2984 339 3047 annus,
365 2966 515 3050 idemque
537 2986 635 3053 prope
658 2965 754 3033 finem
777 2966 839 3046 sui,
867 2986 906 3033 ea
927 2966 1057 3050 negotia
1080 2964 1265 3046 continebit,
1291 2984 1373 3048 quae
1404 2963 1445 3028 ab
1467 2963 1585 3028 iniuria
1603 2963 1853 3048 Agamemnonis

224 3087 264 3134 ac
279 3069 435 3135 Briseidis
457 3070 664 3155 usurpatione
688 3089 790 3154 usque
813 3069 856 3135 ad
879 3068 975 3134 funus
990 3066 1137 3135 Hectoris
1153 3066 1252 3151 digna
1267 3074 1444 3133 memoratu
1469 3067 1594 3151 <erant:
1619 3067 1697 3151 non>
1722 3065 1782 3131 erit
1795 3065 1852 3130 illa

224 3171 401 3256 temporum
425 3173 535 3255 series,
562 3192 645 3255 quae
667 3174 709 3238 ab
733 3171 877 3238 eiusdem
892 3171 971 3237 belli
986 3170 1092 3237 causis
1109 3177 1205 3254 atque
1222 3169 1345 3253 origine
1361 3169 1499 3256 pertinet
1516 3170 1559 3235 ad
1575 3169 1663 3234 urbis
1679 3167 1850 3235 excidium.

225 3280 321 3357 atque
344 3294 384 3339 ex
407 3295 444 3341 eo
467 3275 609 3357 eveniet,
642 3282 678 3342 ut
699 3275 821 3359 ignaris
850 3274 1016 3340 iudicandi
1047 3281 1079 3340 et
1107 3272 1252 3360 poeticae
1280 3273 1486 3339 oeconomiae
1515 3272 1716 3357 expertibus,
1752 3265 1854 3336 multa

176 3398 205 3439 ro
225 3377 347 3443 nobilia
368 3379 409 3443 ab
433 3378 563 3445 exordio
585 3377 664 3444 belli
686 3398 789 3462 usque
811 3378 855 3443 ad
876 3377 1013 3444 Achillis
1035 3377 1173 3462 iurgium
1196 3376 1315 3442 omissa
1338 3375 1519 3441 rideantur.
1558 3395 1617 3441 nec
1632 3373 1738 3440 minus
1753 3374 1854 3439 multa

226 3480 267 3545 ab
290 3480 436 3546 Hectoris
459 3481 571 3548 funere
594 3481 636 3547 ad
660 3501 762 3566 usque
786 3481 927 3548 deletum
949 3480 1057 3545 Ilium.
1104 3500 1237 3563 quorum
1260 3478 1391 3562 quidem
1414 3479 1554 3544 maxima
1577 3477 1756 3564 expectatio
1786 3485 1855 3542 erat

226 3589 356 3669 propter
382 3591 448 3649 tam
477 3584 564 3670 longi
594 3585 777 3650 certaminis
807 3582 1123 3652 consummationem.
1172 3582 1231 3649 sed
1260 3590 1295 3648 ut
1324 3581 1469 3648 divinum
1498 3590 1625 3669 poetam
1654 3580 1735 3647 nihil
1767 3579 1851 3664 quod

225 3685 351 3752 illustre
374 3685 471 3753 fuerit
491 3687 638 3756 omisisse
660 3693 818 3775 appareat
840 3693 936 3770 atque
959 3687 1067 3754 omnia
1096 3706 1179 3771 quae
1209 3685 1292 3751 finiri
1323 3685 1462 3771 oportuit
1492 3684 1680 3769 contigisse,
1714 3684 1855 3750 breviter

227 3789 313 3855 etin
336 3790 494 3875 epitomae
517 3790 656 3876 speciem
678 3790 757 3857 belli
773 3790 883 3856 Troici
906 3810 1037 3856 causam
1061 3788 1193 3875 originis
1216 3797 1456 3876 apparatusque
1479 3787 1658 3874 quae<que>
1683 3786 1776 3852 annis
1800 3804 1854 3852 su-

176 3891 406 3976 superioribus
434 3892 621 3960 acciderunt
649 3893 858 3960 retexuimus.
906 3893 1017 3960 borum
1047 3893 1186 3959 omnium
1217 3893 1320 3979 prima
1350 3892 1439 3976 origo
1469 3897 1518 3956 est
1542 3890 1669 3957 Paridis
1698 3889 1854 3956 iudicium

227 3995 309 4062 inter
331 3995 421 4081 deas,
448 3996 566 4063 deinde
588 3997 702 4063 classis
725 3996 896 4078 contextio,
921 4017 986 4081 qua
1007 3996 1094 4063 idem
1117 3996 1208 4061 Paris
1230 3995 1264 4061 in
1287 3996 1448 4080 Europam
1464 3993 1639 4077 navigavit,
1665 4000 1731 4058 tum
1751 3992 1854 4077 raptio

227 4098 382 4179 Helenae,
408 4120 491 4183 quae
513 4099 664 4185 opinione
685 4107 829 4166 veterum
851 4098 1001 4186 bipertita
1024 4107 1081 4182 est,
1110 4099 1194 4184 quod
1209 4099 1355 4186 plerique
1370 4098 1528 4163 Helenam
1545 4097 1636 4164 iuxta
1650 4096 1853 4162 Homericum

227 4201 353 4286 plasma
374 4201 417 4267 ad
440 4202 568 4268 Troiam
592 4202 792 4288 deportatam
815 4201 916 4269 fuisse
939 4203 1214 4284 existimaverunt,
1241 4201 1384 4268 nonnulli
1410 4208 1517 4266 autem
1540 4199 1660 4285 opinati
1676 4205 1759 4281 sunt,
1782 4219 1853 4263 cum

228 4304 413 4370 Alexander
435 4324 529 4371 cursu
553 4305 735 4372 deerrasset
756 4306 947 4390 delatusque
969 4306 1012 4371 ad
1027 4305 1211 4390 Aegyptum
1235 4303 1359 4385 luisset,
1386 4303 1514 4388 cognita
1530 4302 1699 4388 hospitalis
1714 4301 1854 4368 foederis

177 4425 209 4471 ro
228 4407 362 4490 iniuria,
391 4409 478 4495 (per)
502 4409 698 4494 Aegyptium
720 4429 840 4493 regem,
867 4406 1143 4475 servantissimum
1165 4406 1241 4474 iusti
1263 4409 1383 4490 virum,
1413 4407 1570 4472 Helenam
1593 4426 1664 4471 cum
1686 4403 1743 4488 iis,
1772 4425 1853 4489 quae

229 4531 294 4577 una
316 4531 387 4577 cum
411 4512 525 4578 eadem
548 4511 676 4578 fuerant
697 4513 848 4598 abrepta,
876 4511 983 4577 Paridi
1008 4512 1166 4577 sublatam
1190 4519 1374 4596 expugnato
1401 4511 1529 4576 demum
1551 4509 1611 4575 Ilio
1634 4509 1780 4575 Menelao
1804 4529 1854 4574 re-

227 4613 382 4681 sfitutam.

315 4909 337 4959 1.
374 4910 483 4959 Ausonll
501 4910 619 4959 Periocha
636 4913 664 4959 ln
683 4911 818 4960 Homerum
838 4918 864 4959 et
884 4911 929 4973 (er)
949 4885 1031 4973 pulmo
1049 4909 1140 4958 lllados
1157 4908 1212 4971 Ua,
1234 4907 1474 4957 nultumlemmoP
1566 4901 1594 4957 1.
1630 4906 1755 4954 thuein
1775 4907 1854 4968 cortp-

228 5000 300 5045 ωηο
316 4995 360 5056 Up.
466 4996 608 5060 tcmporsP
710 4998 845 5058 bnegocls
864 4996 1061 5046 contremebltP
1163 4997 1322 5056 cgemcnonls
1336 4992 1364 5055 P,
1386 4993 1579 5054 Agammeuoula
1597 4991 1639 5052 [ip.
1749 4990 1855 5039 lenm

229 5080 373 5143 Mommsen,
394 5095 446 5130 nou
467 5084 564 5131 Gronov
581 5082 738 5146 addiderunt,
759 5098 807 5134 om.
823 5082 845 5131 P
860 5083 902 5145 Up.
1009 5085 1057 5132 erlt
1076 5081 1099 5129 P
1119 5081 1175 5144 l'p„
1196 5087 1270 5130 eruut
1288 5081 1345 5131 ΑΜ.
1366 5080 1436 5140 volpe
1550 5077 1654 5140 llatqui
1678 5078 1729 5126 Tell
1748 5079 1820 5138 colpe

229 5169 340 5231 poetlcce
357 5182 407 5216 om.
425 5167 469 5228 Hp.
576 5170 727 5231 expertillus
744 5169 768 5217 P
872 5170 902 5220 10
921 5168 1078 5218 uideaturP
1184 5166 1210 5216 11
1233 5166 1357 5216 hectorP
1461 5165 1491 5214 12
1510 5166 1723 5214 consumationem
1738 5163 1761 5211 P
1775 5162 1817 5225 Up.

229 5253 308 5303 menn
326 5253 349 5301 P
479 5254 509 5304 13
529 5257 620 5304 omisso
638 5255 661 5303 P
790 5256 821 5305 14
839 5256 966 5317 epltbome
985 5256 1008 5303 P
1132 5255 1312 5317 appetitusque
1331 5253 1352 5301 P
1477 5266 1541 5315 quae
1560 5252 1583 5299 P
1603 5249 1658 5311 va,
1680 5263 1793 5312 quaeque
1812 5265 1855 5311 epo

231 5340 263 5391 15
281 5342 420 5391 retexlmns
439 5341 462 5389 P
596 5342 717 5391 iudltlum
737 5341 759 5390 P
915 5341 944 5389 ll
963 5343 1083 5402 bipartita
1108 5339 1152 5400 Up.
1294 5342 1362 5388 lustu
1381 5339 1402 5387 P
1557 5337 1587 5387 18
1606 5337 1786 5385 extimauerlr'rt
1809 5335 1852 5396 up.

231 5425 263 5477 tu
281 5426 375 5476 redens
393 5426 416 5474 P
526 5426 559 5477 20
577 5441 623 5490 per
641 5427 700 5479 cdd.
724 5427 802 5486 Vcn.⁴,
823 5443 872 5477 om.
893 5428 916 5475 P
935 5426 981 5487 δᾳ.
1086 5427 1108 5474 is
1128 5425 1151 5473 P
1262 5424 1291 5475 21
1312 5430 1458 5487 arreptaque
1476 5425 1606 5486 paridique
1626 5422 1648 5470 P
1668 5422 1724 5485 Uo,
1745 5429 1855 5486 eropum

228 5512 362 5575 Pnrldlqne
384 5510 463 5576 Ven.⁴,
483 5515 609 5577 abreptum
628 5515 762 5578 Paridique
781 5513 850 5577 Por„
871 5516 972 5575 abrepta
993 5514 1099 5575 (arrepta
1117 5510 1259 5571 Aesonius)
1280 5510 1363 5560 Paridi
1382 5511 1515 5560 Accersas
1534 5509 1617 5570 Lupd.
1758 5509 1856 5558 sublata

231 5598 254 5646 P
272 5596 331 5660 va,
350 5599 472 5648 sublatum
494 5598 566 5648 Vens

1594 5694 1648 5748 29}
