4358 6234
785 327 979 384 APPENDIX
1000 329 1031 392 il.
1051 328 1286 395 PERIOCHAE).
1781 337 1840 397 241

193 515 439 580 uaemulatione
462 517 652 596 conseritur,
686 517 772 599 quod
794 538 833 583 ex
856 518 963 583 uerbis
991 519 1147 602 processit
1171 519 1215 584 ad
1243 541 1374 585 manus.
1407 521 1606 586 hortantibus
1629 521 1751 605 procis,
1782 535 1845 605 quo

226 617 432 701 magisrixa
462 618 680 698 crudesceret,
714 621 939 705 propositoque
969 623 1111 706 praemio
1141 624 1263 708 caprini
1292 623 1412 690 ventris
1442 629 1580 689 omento.
1627 624 1727 690 victor
1747 624 1846 708 igitur

226 719 339 786 Vlixes
362 721 552 787 seminecem
576 723 662 787 irum
685 731 778 789 extra
799 723 937 790 ianuam
951 724 1081 811 proicit,
1118 725 1255 791 ridicula
1284 725 1503 792 adhortatione
1532 727 1730 812 conpellans.
1784 728 1846 794 Pe-

225 824 343 909 nelopa
364 824 460 890 etiam
483 845 617 890 munera
640 826 702 891 sibi
724 847 744 891 a
766 828 871 911 procis
893 849 951 912 pro
973 829 1088 912 opilius
1112 829 1264 913 cuiusque
1287 830 1423 896 conferri
1446 828 1642 914 singulorum
1659 830 1768 896 studia
1789 850 1846 898 ex-

224 926 355 1011 periens
377 926 538 1013 deposcit:
566 948 649 1011 quae
671 935 794 995 mature
817 936 926 1016 utpote
948 953 969 997 a
990 931 1192 1016 cupientibus
1214 933 1399 999 offeruntur.

964 1239 1104 1305 XVIIII.

311 1393 367 1459 44.
640 1386 778 1480 diripi
802 1395 833 1458 ἐν
858 1390 981 1481 μεγάρῳ
1005 1390 1175 1459 ὖπελείπετο
1198 1397 1260 1467 δῖος
1278 1392 1455 1469 Ὀδυσσεύς.
1795 1408 1845 1457 titi

637 1499 678 1562 At
701 1505 792 1581 parte
814 1497 962 1563 interiore
986 1497 1098 1564 domus
1121 1504 1263 1563 secretus
1286 1499 1409 1565 Vlixes.

311 1599 422 1664 Vlixes
459 1620 530 1666 cum
565 1599 759 1666 Telemacho
795 1621 885 1665 arma
922 1600 1029 1665 omnia
1066 1600 1106 1665 dc
1140 1601 1246 1666 medio
1284 1600 1493 1681 amoliuntur,
1534 1602 1637 1687 procis
1674 1600 1846 1687 perniciem

226 1709 449 1788 conparantes,
483 1723 523 1768 ne
552 1704 722 1787 quicquam
750 1704 939 1769 munimenti
962 1711 1019 1770 aut
1039 1703 1096 1769 teli
1118 1704 1367 1786 relinqueretur,
1401 1707 1455 1788 qui
1478 1706 1528 1771 rel
1559 1725 1673 1771 cavere
1700 1703 1763 1768 vim
1794 1705 1847 1769 vel

194 1826 208 1864 s
227 1805 345 1871 inferre
367 1813 508 1890 possent.
555 1804 598 1871 ad
621 1806 816 1892 Penelopam
839 1807 956 1873 deinde
979 1807 1083 1873 accitu
1105 1808 1207 1892 ipsius
1230 1808 1334 1893 pergit
1356 1809 1473 1891 ibique,
1501 1816 1535 1874 ut
1549 1811 1691 1875 Eumaeo
1709 1806 1843 1885 dixerut,

226 1909 411 1975 Cretensem
449 1928 483 1974 se
513 1929 586 1975 esse
615 1910 765 1975 mentitur
794 1910 984 1993 Vlixemque
1013 1909 1102 1995 apud
1130 1930 1165 1976 se
1197 1911 1335 1995 hospitio
1364 1910 1567 1977 deversatum
1597 1908 1845 1978 comminiscitur.

226 2032 299 2077 mox
321 2031 392 2077 cum
413 2012 564 2097 Euryclia
587 2012 688 2098 ipsius
711 2012 816 2078 nutrix
838 2012 1006 2098 hospitalis
1030 2013 1127 2079 oflicii
1150 2034 1247 2080 causa
1268 2013 1367 2098 pedes
1391 2014 1460 2080 eius
1475 2016 1607 2095 elueret,
1631 2020 1718 2080 tactu
1734 2032 1848 2078 manus

226 2114 451 2180 animadvertit
480 2114 677 2196 cicatricem,
711 2136 805 2198 quam
836 2116 978 2182 habebat
1006 2137 1046 2182 ex
1080 2119 1211 2185 vulnere
1239 2117 1273 2182 in
1295 2119 1437 2183 Parnaso
1465 2117 1625 2202 quondam
1655 2117 1722 2183 suis
1751 2116 1847 2182 deute

227 2236 413 2302 percussus.
459 2238 520 2301 quo
543 2227 732 2302 argumento
755 2220 918 2286 alumnum
942 2240 1033 2285 suum
1066 2240 1139 2287 esse
1168 2221 1347 2305 cognoscit,
1382 2220 1440 2287 sed
1468 2222 1509 2287 ab
1539 2220 1670 2301 eodem,
1701 2240 1742 2286 ue
1770 2218 1848 2304 quid

179 2320 312 2386 neultra
333 2320 385 2386 rel
407 2326 542 2405 quaerat
563 2322 615 2386 vel
639 2323 771 2406 garriat,
797 2330 970 2390 coercetur.

997 2632 1072 2698 XX.

312 2785 369 2852 45.
521 2820 525 2827 -
645 2787 787 2869 [Iamque
810 2807 922 2872 procos
945 2806 1052 2871 genua
1073 2789 1270 2873 amplectens
1293 2788 1405 2854 orabat
1426 2787 1561 2872 Vlixesi.
1796 2797 1846 2848 ser

314 2890 527 2974 Epulantihus
549 2889 655 2973 procis
677 2889 850 2975 Otesippus
872 2889 906 2955 in
928 2889 1052 2956 Vlixem
1077 2910 1150 2955 crus
1173 2891 1326 2956 bubulum
1348 2889 1440 2972 iacit,
1471 2889 1529 2956 sed
1550 2889 1764 2956 destinatione
1784 2909 1847 2954 uon

202 2987 356 3076 ‘potitum
404 2991 661 3078 Theoclymenus
691 3000 798 3059 autem
825 2999 903 3079 aput
926 2993 1124 3061 Ithaeensius
1148 2992 1355 3058 divinationis
1377 3000 1528 3078 expertae
1556 2991 1716 3058 inminens
1744 2990 1848 3077 procis

228 3095 419 3161 vaticinatur
440 3095 583 3161 exitium.
631 3116 765 3179 quorum
787 3098 889 3163 multa
911 3096 1113 3163 cavillatione
1137 3097 1262 3163 derisus
1284 3114 1397 3162 mensa
1418 3102 1451 3162 et
1465 3094 1558 3162 domo
1571 3102 1733 3180 tamquam
1748 3093 1849 3160 furio-

198 3217 286 3264 ssus
309 3198 498 3265 excluditur.

992 3489 1083 3556 XXI.

315 3644 372 3711 46.
647 3644 691 3731 Τῇ
716 3642 747 3709 δ’
773 3637 824 3732 ἄρ’
852 3645 900 3710 ἐπὶ
923 3646 1012 3732 φρεσὶ
1036 3650 1112 3731 θῆκε
1135 3644 1192 3711 itaci
1214 3650 1385 3732 γλαυκῶπις
1404 3643 1525 3732 Ἀθήνη.
1799 3654 1849 3703 idi

642 3749 702 3813 hic
724 3755 864 3814 mentem
889 3747 978 3814 dedit
1000 3750 1122 3816 Icariae
1144 3750 1289 3815 Tritonia
1309 3750 1430 3815 Pallas.

319 3852 429 3918 Vlixes
452 3852 594 3918 Eumaeo
621 3859 654 3916 ct
674 3850 831 3916 Philoctio
860 3851 937 3918 fidei
966 3872 1075 3917 eorum
1103 3851 1343 3936 industriaeque
1372 3852 1510 3918 conlisus
1539 3851 1611 3934 quis
1640 3849 1683 3916 sit
1714 3848 1848 3914 revelat.

231 3963 263 4021 et
284 3962 452 4040 postquam
476 3954 562 4033 facta
584 3955 721 4038 cognitio
744 3962 809 4033 est,
845 3955 977 4021 caedem
1000 3976 1164 4040 procorum
1196 3955 1267 4041 (ex)
1297 3963 1439 4041 tempore
1466 3953 1579 4019 instrui
1608 3953 1724 4037 placet.
1771 3970 1852 4034 quos

199 4079 214 4118 s
234 4058 345 4124 Vlixes
367 4064 438 4151 astu
462 4056 660 4143 aggreditur,
687 4064 722 4122 ut
743 4058 849 4143 ipsum
871 4078 997 4142 quoque
1019 4058 1211 4124 intendendo
1234 4079 1343 4124 arcum
1366 4058 1450 4123 vires
1473 4057 1592 4123 seniles
1607 4056 1773 4141 explorare
1792 4076 1851 4140 pa-

233 4160 362 4227 tiantur.
408 4182 502 4244 quem
526 4161 580 4226 uui
602 4160 762 4244 quondam
779 4160 866 4226 Vlixi
890 4161 1017 4228 facilem
1034 4162 1062 4226 si
1077 4162 1148 4245 quis
1162 4161 1353 4243 intenderet,
1379 4160 1545 4226 habiturus
1561 4166 1647 4226 esset
1660 4158 1846 4245 praemium,

317 4509 492 4557 iortsntibus
511 4508 533 4554 P
634 4508 650 4557 6
669 4510 747 4556 uetris
767 4508 789 4554 P
892 4507 905 4554 l
926 4508 1079 4556 adortati0oc
1099 4508 1120 4554 P
1222 4509 1373 4569 compellans
1396 4507 1439 4569 Ilp.
1545 4507 1560 4555 8
1579 4507 1751 4568 cuiusqueque
1772 4506 1795 4553 P

317 4590 368 4645 44.
406 4594 416 4643 l
438 4598 566 4643 rusticio
587 4595 608 4641 P
728 4593 742 4642 2
762 4595 890 4642 uluocsP
1009 4596 1024 4642 :i
1043 4591 1111 4660 cum]
1130 4601 1156 4642 ct
1175 4595 1289 4642 Ploridus
1308 4594 1363 4655 Bip.
1485 4607 1552 4641 arura
1569 4592 1628 4641 add.
1653 4591 1708 4652 Cp,
1728 4606 1775 4641 oso.
1798 4591 1821 4638 P

232 4682 366 4742 proulciem
388 4681 410 4727 P
546 4683 560 4729 l
580 4683 724 4740 superantes
742 4680 771 4740 P,
792 4684 962 4742 comparantes
984 4679 1028 4739 lr'p.
1170 4681 1306 4742 quidquam
1326 4681 1353 4742 P,
1375 4681 1436 4742 quid
1455 4685 1500 4728 aut
1519 4680 1564 4739 Up.
1586 4679 1655 4738 colpe
1792 4677 1853 4724 rell·

232 4766 391 4829 quereturP
510 4766 574 4815 5ad
592 4768 619 4814 ln
639 4766 662 4813 P
682 4766 736 4828 Cp,
758 4768 783 4814 io
803 4782 851 4815 om.
875 4763 949 4814 Vess.⁴
1064 4768 1210 4829 penelopem
1231 4767 1253 4814 P
1274 4766 1328 4826 Uo,
1349 4767 1490 4828 Penelopen
1508 4767 1587 4828 culpo,
1610 4765 1756 4826 Penelopam
1774 4777 1819 4824 suc

232 4853 291 4901 inde
312 4849 385 4901 Vens
401 4854 472 4914 colpe
609 4865 695 4901 cumeo
715 4853 737 4900 P
877 4853 1048 4900 scariensem
1069 4852 1091 4899 P
1226 4853 1379 4902 dluerratum
1403 4852 1448 4914 Ue.
1589 4851 1785 4900 comminiscitur
1806 4848 1851 4910 cp.

233 4938 247 4986 i
267 4941 368 4988 eurlclls
387 4940 409 4988 P
527 4942 582 4988 eius
605 4939 648 5001 Up.
669 4940 740 4999 volpe
866 4939 881 4988 8
900 4940 1061 4988 auimauertit
1080 4939 1102 4985 P
1220 4945 1311 5002 piusso
1331 4939 1358 4998 P,
1385 4940 1503 4988 Parnasso
1526 4938 1571 4999 va.
1700 4935 1780 4999 squr
1799 4934 1822 4983 P

233 5025 354 5073 alunnum
378 5025 421 5086 [ἴῃ.
528 5027 640 5086 agnoscit
661 5022 733 5072 Vsa.⁴
750 5026 820 5084 volpe
927 5025 956 5073 ii)
974 5029 1050 5074 cariat
1067 5027 1189 5073 coercitor
1207 5026 1230 5073 P

320 5108 371 5163 45.
409 5112 417 5161 I
440 5127 525 5174 proces
544 5112 577 5171 Ρς
606 5111 644 5160 hic
662 5124 746 5158 caereus
764 5111 796 5157 ud
815 5113 951 5170 exemplum
969 5125 1063 5169 comm,
1090 5126 1151 5173 quus
1172 5111 1258 5172 Odyss.
1282 5112 1356 5158 XVII
1374 5114 1424 5160 365
1437 5126 1471 5173 sq.
1492 5112 1622 5172 loquatur,
1643 5111 1854 5170 composituram

233 5199 346 5261 videtum
367 5200 454 5247 Hortst
473 5214 528 5246 cum
548 5213 576 5245 cu
596 5197 685 5260 odyss.
707 5198 753 5245 XX
772 5200 820 5245 lid
835 5198 973 5258 profectum
991 5211 1040 5244 esse
1057 5201 1142 5246 statuit
1270 5196 1417 5260 Preslppus
1436 5196 1464 5258 Ρ,
1487 5197 1623 5258 Ereslppus
1644 5195 1698 5257 Ue,
1720 5194 1854 5256 Ctesippus

234 5287 364 5334 Ammius
490 5285 576 5333 ulixen
596 5284 625 5343 P,
645 5284 760 5343 Vlysaem
783 5283 826 5344 vy.
960 5285 1174 5332 ishecolimenus
1193 5284 1222 5345 P,
1243 5284 1415 5333 Theoclimeus
1439 5283 1483 5343 l'p.
1503 5296 1565 5331 corr.
1589 5278 1661 5330 Vsa.⁴
1789 5279 1852 5340 11³,

234 5374 317 5419 sutem
340 5370 383 5433 Ile.
498 5371 565 5433 apud
587 5369 631 5429 l'p.
737 5369 881 5418 ithacenses
903 5370 945 5432 Pp.
1062 5377 1164 5433 exparte
1185 5370 1207 5417 P
1227 5368 1283 5432 Ue,
1304 5376 1421 5433 expertae
1441 5370 1512 5431 Pus,
1531 5375 1652 5430 expertus
1670 5367 1729 5417 ΑΜ.
1749 5369 1820 5428 nolae

234 5458 345 5506 ImInens
368 5457 412 5517 Up.
518 5456 702 5504 Icauilstione
721 5456 831 5504 demisus
851 5457 873 5504 P
974 5464 1093 5518 tanquam
1115 5457 1158 5517 Up.

321 5537 372 5593 46.
411 5543 419 5591 l
442 5542 555 5591 eruc?
692 5542 832 5603 3phiiotio
851 5543 879 5605 P,
900 5544 1023 5592 Philaetio
1046 5543 1100 5604 Uo,
1122 5543 1243 5591 Philoetlo
1260 5542 1327 5592 deul.
1468 5544 1581 5590 confixus
1599 5541 1629 5593 P.
1655 5543 1776 5590 contusus
1797 5539 1853 5602 Ue,

235 5630 344 5678 conlisus
362 5627 419 5678 Pus.
526 5629 568 5692 qui
589 5628 611 5675 P
630 5627 685 5689 Ua„
706 5630 763 5690 quis
782 5629 848 5679 Suel.
953 5629 1098 5692 itempore
1117 5629 1232 5691 onlpo,
1253 5642 1297 5693 pro
1314 5632 1422 5695 tempore
1444 5628 1501 5689 Ila„
1520 5642 1553 5677 ex
1570 5634 1682 5692 tempere
1699 5640 1742 5689 spo

311 5728 430 5771 Assossss.
647 5763 652 5772 .
1122 5788 1132 5810 ι
1617 5729 1648 5783 31
