4358 6234
274 347 371 410 xxfl
968 343 1196 398 raconurvu.

274 570 365 635 cuins
389 569 461 633 libri
483 589 678 651 quamquam
702 575 884 632 accuratam
908 567 1011 632 haheo
1035 565 1281 651 descriptionem
1304 565 1346 629 ab
1369 564 1508 629 Heurico
1531 565 1596 629 filio
1623 563 1818 641 conlectam,
1852 568 1903 626 ta-

274 710 347 755 men
377 709 460 772 quae
489 689 690 755 continentur
720 708 758 753 eo
786 708 882 771 quarn
912 685 1101 752 brevissime
1132 685 1293 751 iudicabo.
1348 691 1420 769 post
1447 684 1538 751 varia
1567 705 1681 769 opera,
1715 703 1756 748 ex
1784 683 1904 764 quibus

278 808 483 894 ‘Calphnmii
506 808 666 873 bucolica’
695 809 776 890 (cum
799 827 904 873 rerum
926 806 1032 872 indice
1055 805 1078 870 f.
1099 808 1264 888 251-571)
1290 825 1500 872 commemoro
1509 807 1545 888 5),
1572 812 1724 870 secuntur
1745 802 1768 867 f.
1799 806 1902 867 169-

277 934 350 992 177¹
371 929 495 994 indices
525 948 629 993 rerum
660 934 692 993 et
720 928 888 993 verborum
920 926 961 991 ad
984 926 1177 1007 Ausonium,
1212 925 1236 990 f.
1265 928 1448 990 rtur-182
1478 926 1576 990 index
1598 925 1774 990 carminum
1797 924 1903 988 Auso-

274 1050 460 1130 nianorum,
495 1048 584 1113 cuius
612 1048 644 1112 in
671 1047 735 1112 fine
764 1048 846 1113 haec
868 1054 942 1112 sunt
964 1046 1094 1112 adiecta
1125 1044 1713 1128 ί11111111111111111011ἰί1111111111111111,
1745 1063 1829 1127 quae
1850 1043 1902 1108 in-

274 1137 361 1235 uidia
384 1174 498 1234 cuncta
520 1167 689 1233 corrodens
712 1174 857 1233 uetustas
879 1166 922 1232 ad
944 1186 1058 1232 manns
1080 1185 1170 1232 meas
1186 1144 1297 1232 uenire
1312 1166 1481 1250 perrnisit',
1508 1166 1530 1230 f.
1553 1166 1750 1231 usar-248⁹
1766 1163 1903 1229 Ausonii

273 1289 429 1372 opuscula
460 1288 624 1372 (inscripta
656 1287 809 1353 ‘Ausonii
838 1286 966 1372 paeonii
996 1294 1110 1372 poetae
1139 1286 1343 1352 disertissimi
1373 1288 1642 1371 epigrammatum
1671 1285 1753 1350 liber
1779 1284 1902 1369 primus

273 1408 473 1474 dimidiatus.
515 1408 747 1489 Prohemium’,
784 1406 997 1492 subscriptum
1036 1407 1123 1472 ‘Hec
1156 1412 1230 1472 sunt
1263 1427 1303 1471 ea
1335 1406 1461 1472 ausonii
1495 1406 1676 1489 fragmenta
1709 1424 1794 1487 quae
1827 1411 1903 1469 sunt

273 1529 394 1613 scripta
415 1528 448 1593 in
471 1529 636 1594 codicibus
659 1527 836 1612 impressis.
876 1527 993 1609 quibus
1015 1527 1151 1612 apposui
1173 1527 1240 1592 alia
1261 1526 1399 1611 quedam
1422 1525 1567 1592 eiusdem
1590 1546 1672 1609 qnae
1695 1526 1847 1608 leguntur
1867 1523 1902 1590 in

273 1655 399 1714 uetusto
423 1647 533 1713 codice
556 1668 595 1713 err
618 1648 813 1713 bibliotheca
834 1647 902 1712 diui
925 1646 1022 1712 marci
1045 1645 1257 1730 florentiae’),
1288 1646 1311 1711 f.
1338 1650 1508 1710 nto—260
1531 1645 1684 1727 Mosella,
1717 1644 1902 1730 Symmachi

273 1768 422 1852 epistula,
449 1768 608 1834 Caesares
628 1768 720 1851 (XXI
739 1773 772 1846 l:
799 1772 830 1850 2,
852 1770 981 1850 1-89),
1007 1767 1123 1850 quibus
1146 1766 1272 1833 addidit
1293 1767 1442 1832 librarius
1465 1787 1603 1849 eaquae
1618 1785 1715 1851 supra
1730 1765 1902 1850 scripserat

277 1887 425 1953 ι1111111111
449 1939 456 1952 .
479 1938 485 1951 .
508 1939 514 1952 .
540 1888 698 1972 permisit'
725 1888 864 1973 repetita
886 1895 919 1954 et
940 1888 1112 1974 adscripsit
1138 1891 1237 1971 ‘opus
1258 1887 1510 1972 imperiectum’,
1537 1885 1677 1968 denique
1700 1886 1721 1950 f.
1749 1890 1809 1950 261
1827 1904 1898 1968 sqq.

274 2010 396 2075 Probae
426 2008 594 2074 Faltonius
623 2009 723 2074 Gento
752 2014 784 2074 et
812 2008 959 2092 Gregorii
987 2008 1110 2074 'literni
1144 2014 1258 2093 poetae
1287 2008 1422 2074 illustris
1451 2008 1617 2092 opuscula.
1674 2006 1739 2071 iam
1768 2026 1809 2071 ex
1839 2006 1901 2071 hac

273 2130 487 2213 descriptione
516 2136 549 2194 et
579 2128 762 2213 scripturis,
796 2149 877 2212 quas
899 2150 939 2194 ex
962 2129 1135 2194 Harleiano
1157 2128 1192 2193 in
1214 2127 1450 2194 commentariis
1472 2129 1515 2193 ad
1538 2127 1720 2192 Gratiarum
1743 2127 1900 2191 actionem

273 2249 440 2334 proposui,
475 2249 570 2316 facile
598 2248 796 2331 intellegitur
826 2254 979 2333 excerpta
1001 2249 1188 2315 husoniana
1216 2248 1378 2333 descripta
1408 2267 1479 2314 esse
1509 2269 1549 2313 cx
1579 2248 1720 2313 editione
1742 2246 1896 2332 principe.

273 2369 331 2434 sed
360 2369 393 2433 in
422 2369 566 2452 margine
595 2369 683 2434 haud
711 2389 783 2433 raro
814 2368 968 2435 lectiones
996 2369 1112 2435 litteris
1139 2369 1215 2433 ‘al'
1240 2368 1440 2452 significatae
1469 2368 1689 2448 inveniuntur,
1726 2388 1810 2450 quae
1833 2367 1900 2432 fere

273 2508 384 2555 omnes
406 2510 447 2555 ex
470 2488 584 2554 eodcru
607 2489 904 2572 Magliabecchiano
926 2489 1134 2574 depromptae
1156 2495 1240 2569 sunt,
1267 2509 1308 2554 ex
1330 2508 1393 2572 quo
1416 2489 1595 2570 Mosellam,
1622 2487 1808 2573 Symmachi
1831 2488 1901 2573 epi-

272 2611 405 2690 stulam,
440 2610 599 2676 Caesares
627 2629 662 2675 se
692 2608 903 2693 descripsisse
931 2609 1083 2674 librarius
1112 2610 1182 2693 ipse
1212 2607 1376 2675 indicavit.
1423 2630 1533 2675 verum
1564 2609 1785 2694 apographum
1817 2608 1900 2673 Har-

272 2729 412 2794 leiannm
442 2729 475 2794 in
504 2729 555 2794 his
583 2729 747 2813 opusculis
776 2749 980 2812 nequaquam
1010 2729 1150 2795 bonitate
1180 2751 1238 2815 par
1267 2736 1316 2795 est
1339 2729 1569 2801 Laurentiano:
1604 2730 1724 2794 multae
1753 2730 1837 2794 enim
1867 2729 1900 2793 in

272 2849 409 2914 Mosella
437 2855 470 2914 et
497 2849 691 2916 Caesaribus
720 2856 795 2914 sunt
823 2849 977 2931 lacunae,
1015 2869 1096 2932 quas
1124 2849 1201 2915 inde
1230 2856 1317 2915 ortas
1347 2869 1420 2915 esse
1449 2850 1600 2936 adparet,
1635 2848 1721 2931 qnod
1750 2848 1900 2913 librarius

272 2969 360 3034 hand
382 2976 528 3035 versatus
550 2970 584 3035 in
606 2970 772 3035 codicibus
794 2968 941 3051 legendis
963 2969 1252 3052 Magliabecchiani
1276 2971 1484 3055 scripturam,
1516 2991 1710 3055 quamquam
1731 2970 1838 3035 nullas
1861 2990 1901 3034 oa

272 3089 395 3171 legenti
417 3088 624 3155 difficultates
647 3096 749 3174 parat,
776 3109 839 3155 non
861 3090 1031 3156 intellexit.

358 3210 428 3275 Hoc
459 3210 528 3275 loco
558 3210 653 3275 simul
683 3211 723 3276 de
752 3216 900 3295 quattuor
929 3231 1086 3295 exponam
1117 3211 1296 3294 codicibus,
1332 3212 1449 3296 quibus
1478 3232 1518 3277 ex
1548 3213 1682 3277 Ausonii
1706 3211 1900 3278 Caesaribus

271 3330 470 3396 monosticha
498 3340 530 3397 et
559 3331 817 3397 tetrastichorum
845 3352 897 3397 vv.
926 3334 1022 3396 1-81
1057 3332 1276 3414 continentur,
1310 3333 1381 3398 dico
1412 3333 1645 3398 Laurentianos
1675 3334 1755 3398 duos
1779 3338 1838 3412 ot,
1865 3336 1895 3410 9,

272 3469 358 3515 saec.
384 3451 495 3531 Xllll,
529 3452 563 3516 in
585 3472 650 3536 quo
672 3453 822 3535 leguntur
844 3452 968 3517 Sidonii
991 3452 1190 3536 Apollinaris
1212 3452 1369 3532 carmina,
1406 3455 1464 3534 89,
1496 3453 1553 3518 inf.
1581 3457 1617 3531 8,
1650 3451 1898 3537 Neapolitanum

271 3569 373 3636 musei
396 3571 485 3656 publ.
512 3571 632 3637 CXXV
658 3571 801 3655 (Ianelli:
828 3572 894 3636 1111
909 3572 935 3638 G
952 3574 1018 3654 25),
1045 3571 1182 3653 denique
1206 3572 1473 3656 Glasgoviensem
1496 3594 1578 3638 mus.
1597 3575 1729 3638 Hunter.
1750 3572 1824 3652 V3,
1847 3577 1895 3645 11,

271 3690 325 3773 qui
355 3691 484 3756 saeculo
511 3690 622 3773 quinto
651 3690 777 3757 decimo
807 3692 931 3757 exarati
966 3691 1009 3775 (in
1033 3692 1184 3757 Laurent.
1210 3694 1270 3774 89,
1301 3693 1359 3759 inf.
1386 3697 1405 3759 8
1428 3694 1624 3777 adscriptum
1648 3699 1698 3758 est
1723 3694 1806 3778 ‘terp
1829 3687 1899 3791 iiic
2019 3737 2032 3763 .

272 3815 302 3874 3.
329 3809 470 3874 Ianuarii
497 3811 601 3887 1457’,
637 3811 670 3874 in
693 3810 907 3894 Neapolitano
942 3813 1006 3875 ‘ho
1030 3807 1101 3882 δόξα
1123 3830 1170 3876 ur.
1197 3812 1303 3878 Martii
1330 3816 1411 3877 1466
1422 3812 1438 3896 ’l
1473 3813 1617 3879 Suetonii
1639 3813 1797 3879 Caesares
1824 3833 1899 3878 con-

270 3929 383 3993 tinent.
429 3929 651 4014 inscriptiones
679 3931 742 3995 hae
771 3938 860 3995 sunt:
896 3931 929 3995 in
958 3931 1201 3997 laurentianis:
1241 3932 1392 4017 ‘Sydonii
1421 3953 1535 3998 uersus
1565 3933 1596 3997 in
1626 3933 1782 4017 principio
1811 3932 1895 3997 libri.

271 4048 329 4113 lsti
359 4067 472 4114 uersus
502 4052 547 4114 al.
581 4051 730 4132 leguntur
752 4050 877 4115 Decimi
900 4051 1010 4134 Magni
1032 4051 1168 4116 Ausonii
1191 4053 1363 4118 Mosellae'
1398 4052 1440 4134 (in
1465 4054 1561 4118 Laur.
1587 4056 1638 4133 61,
1666 4057 1685 4116 9
1715 4053 1813 4118 verba
1847 4052 1898 4117 ‘in

270 4169 425 4253 principio
451 4218 458 4232 .
481 4221 487 4234 .
510 4220 516 4232 .
541 4171 714 4236 Musellae'
746 4191 842 4235 manu
872 4172 976 4236 altera
1002 4171 1129 4237 adiecta
1151 4178 1255 4255 sunt),
1289 4173 1323 4237 in
1345 4173 1576 4257 Neapolitano:
1609 4171 1761 4256 ‘Sydonii
1785 4193 1898 4237 uersus

271 4288 304 4353 in
327 4288 482 4373 principio
505 4289 588 4354 libri.
626 4291 684 4356 alii
707 4291 764 4357 ‹lnt
786 4291 909 4356 Decimi
933 4291 1042 4375 Magni
1065 4292 1198 4357 Ausonii
1222 4292 1406 4375 Musellae',
1433 4293 1466 4358 111
1489 4293 1715 4376 Glasgovionsi
1739 4292 1894 4375 denique:

275 4409 436 4474 ‘Suetonii
459 4430 583 4475 uersus.
631 4411 664 4476 in
687 4411 844 4496 principio
868 4411 941 4477 libri
963 4410 1058 4477 aliter
1080 4412 1240 4495 leguntur.
1284 4413 1408 4479 Decimi
1433 4414 1542 4496 magni
1564 4414 1697 4479 Ausonii
1720 4412 1894 4479 musillae‘.

270 4528 304 4594 hi
325 4529 424 4612 igitur
446 4530 529 4610 libri,
558 4531 738 4616 dequibus
762 4539 833 4618 post
855 4532 1036 4598 accuratius
1059 4552 1228 4618 exponam,
1254 4553 1294 4599 ex
1317 4534 1429 4599 eodem
1450 4535 1637 4619 exemplari,
1663 4555 1726 4616 qno
1741 4533 1898 4599 Caesares

270 4650 302 4715 in
326 4650 633 4734 Magliahccchiano
662 4652 795 4737 profecti
818 4660 903 4718 sunt.

357 4770 560 4852 Vossianum,
587 4772 929 4855 Magliabecchianum,
956 4773 1188 4839 Laurentianus
1211 4778 1263 4854 5l,
1293 4776 1344 4838 13.
1369 4777 1421 4856 61,
1449 4779 1468 4837 9
1491 4775 1562 4860 ipse
1586 4775 1725 4854 excussi,
1751 4794 1790 4838 cx
1815 4775 1897 4838 llar-

270 4890 375 4955 leiano
399 4890 583 4957 Gratiarum
606 4892 763 4957 actionem
787 4893 920 4958 contulit
941 4894 969 4957 1.
994 4892 1035 4956 H.
1063 4892 1168 4975 Nolte,
1194 4893 1354 4976 quaedam
1377 4895 1520 4959 enotavit
1542 4894 1699 4959 Henn'cus
1721 4893 1816 4972 iilius,
1843 4893 1897 4976 qui

270 5010 363 5075 simul
393 5011 641 5096 Neapolitanum
672 5020 704 5079 et
733 5012 1002 5096 Glasgoviensem
1036 5013 1192 5099 inspexit;
1231 5014 1436 5080 laurentiani
1460 5017 1517 5096 89,
1554 5014 1657 5080 inf.8
1692 5014 1896 5080 collationem

271 5130 310 5194 H.
338 5131 460 5196 Vitellii
483 5131 585 5198 debeo
608 5131 773 5198 beneficio.

356 5250 423 5314 lam
447 5251 489 5315 ad
512 5261 634 5318 eeteros
657 5253 752 5318 huius
775 5253 904 5336 generis
926 5253 1064 5335 codices,
1090 5253 1145 5335 qui
1168 5274 1279 5319 omncs
1301 5255 1423 5320 saeculi
1445 5255 1546 5338 quinti
1570 5255 1685 5320 decimi
1706 5261 1790 5334 sunt,
1817 5274 1897 5319 enu-

270 5369 441 5435 merandos
463 5391 502 5435 ac
525 5372 663 5438 breviter
685 5373 915 5439 describendos
936 5371 1120 5456 adgrediar.
1167 5380 1242 5438 sunt
1263 5382 1370 5440 autern
1394 5375 1442 5439 hi:

274 5536 504 5545 -.—..—-..—
528 5540 606 5545 --...
625 5540 679 5546 —-

357 5629 381 5689 5)
403 5630 434 5678 cf.
456 5630 590 5680 Brehrena.
611 5632 679 5680 Post.
700 5632 745 5681 lut.
766 5634 827 5682 mlu.
851 5632 885 5680 111
904 5633 987 5694 115111.
