4448 6226
929 294 1135 350 EPITAPHIA
1155 296 1270 359 rxvu).

817 621 872 690 26.
896 622 1077 689 ENNOMO
1102 624 1158 688 ET
1182 621 1384 690 CHROMIO.

622 777 784 842 Ennomus
807 776 859 842 hic
882 776 1111 860 Chromiusque
1132 778 1253 859 iacent,
1280 778 1352 860 quis
1375 778 1481 862 Mysia
1503 799 1649 864 regnum,
1745 798 1795 847 ‘ras
1817 800 1912 861 (xxm)

707 880 779 963 quis
801 887 892 965 pater
913 881 1067 946 Alcinous
1090 881 1303 964 Oceanusque
1326 888 1451 947 atavus.

622 983 774 1049 nobilitas
796 983 875 1067 quid
897 990 988 1050 tanta
1009 985 1120 1049 iuvat?
1144 1005 1206 1067 quo
1229 985 1347 1050 clarius
1368 986 1440 1051 istis

708 1093 758 1152 est
780 1106 899 1170 genus,
924 1087 986 1153 hoc
1007 1087 1118 1152 mortis
1141 1088 1286 1153 condicio
1308 1088 1446 1172 gravior.

974 1309 1029 1375 24.
1056 1311 1230 1377 PRIAMO.

622 1465 682 1530 Hic
704 1464 823 1529 Priami
844 1485 908 1530 non
930 1471 979 1530 est
1000 1465 1142 1530 tumulus
1165 1485 1225 1530 nec
1248 1466 1367 1531 condor
1389 1466 1421 1531 in
1443 1467 1507 1532 ista
1734 1488 1784 1537 aso
1804 1489 1911 1550 (xan

709 1569 803 1634 sede:
831 1574 929 1652 capnt
950 1568 1056 1634 Danai
1079 1568 1251 1653 deripuere
1273 1590 1391 1635 meum.

622 1678 673 1736 ast
695 1691 756 1754 ego
778 1690 849 1736 curn
873 1671 1014 1736 lacerum
1037 1671 1107 1737 sine
1130 1672 1257 1738 nomine
1281 1672 1378 1738 funus
1402 1673 1572 1754 haberem,

709 1773 838 1857 confugi
860 1773 904 1839 ad
926 1774 1050 1840 cineres
1072 1776 1247 1840 Hectoreos
1270 1776 1407 1858 genitor.

556 1900 569 1938 s
622 1878 690 1943 illic
713 1886 745 1944 et
767 1883 860 1943 natos
882 1877 1075 1961 Troiamque
1097 1878 1273 1962 Asiamque
1297 1880 1457 1964 sepultam

709 1981 816 2047 inveni
838 1989 870 2046 et
892 1987 1035 2045 nostrum
1057 1980 1213 2065 quidquid
1237 1982 1354 2065 ubique
1376 1983 1470 2048 iacet.

907 2202 964 2270 25.
993 2205 1098 2269 ITEM
1120 2205 1293 2272 PRIAMO.

624 2359 687 2437 Qui
709 2360 865 2424 tumulum
889 2359 1010 2424 Priami
1032 2359 1175 2443 quaerit,
1202 2361 1291 2443 legat
1312 2360 1459 2427 Hectoris
1481 2368 1567 2427 ante.
1722 2382 1770 2432 221
1795 2383 1912 2446 (xxnn)

709 2462 766 2529 ille
789 2482 897 2544 meus,
924 2470 999 2529 nato
1022 2482 1117 2545 quem
1140 2463 1230 2548 prins
1252 2464 1323 2549 ipse
1346 2463 1434 2530 dedi.

623 2567 769 2632 Hectoris
792 2575 824 2633 et
846 2566 947 2652 patris
971 2566 1066 2632 simul
1090 2574 1140 2633 est
1161 2587 1328 2634 commune
1351 2569 1551 2654 sepulcrum,

709 2670 873 2735 amborum
896 2670 1045 2753 quoniam
1068 2671 1178 2737 iuncta
1199 2671 1292 2737 ruina
1314 2671 1386 2737 fuit.

953 2901 1010 2969 26.
1042 2902 1253 2968 HEOVBAE.

626 3057 716 3134 Quae
739 3056 853 3140 regina
874 3056 938 3131 fui,
966 3075 1048 3139 quae
1072 3055 1159 3121 claro
1181 3061 1259 3120 nata
1280 3057 1458 3141 Dymanta,
1755 3079 1805 3128 222
1826 3080 1915 3142 (xxv)

712 3180 794 3242 quae
817 3160 936 3225 Priami
959 3159 1114 3242 coniunx,
1140 3160 1279 3225 Hectora
1301 3180 1386 3242 quae
1407 3162 1525 3244 genui,

626 3262 678 3328 hic
700 3263 833 3328 Hecuba
854 3263 980 3329 iniectis
1002 3263 1083 3348 perii
1107 3263 1317 3347 superobruta
1344 3264 1449 3346 saxis,

712 3374 761 3433 set
781 3367 872 3433 rabie
895 3367 1025 3451 linguae
1047 3386 1098 3431 me
1121 3374 1229 3431 tamen
1252 3366 1320 3432 ulta
1342 3366 1443 3451 prins.

560 3494 573 3532 r
625 3470 714 3536 fidite
736 3491 777 3536 ne
799 3470 908 3555 regnis
931 3477 963 3536 et
984 3470 1075 3554 prole
1097 3476 1130 3535 et
1152 3469 1250 3554 stirpe
1273 3477 1460 3554 parentum,

711 3574 903 3657 quicumque
926 3574 986 3639 hoc
1007 3579 1150 3638 nostrum
1172 3573 1312 3636 CHMA
1340 3573 1498 3638 KTNOC
1523 3574 1643 3658 legitis.

924 3803 981 3869 27.
1007 3803 1281 3870 POLYXENAE.

626 3960 728 4025 Troas
750 3958 898 4025 Achilleo
921 3958 1090 4024 coniuncta
1112 3959 1278 4043 Polyxena
1300 3959 1392 4026 busto
1740 3978 1789 4028 223
1810 3981 1917 4042 lxxvi)

713 4064 890 4129 malueram
912 4062 1001 4128 nullo
1024 4062 1166 4147 caespite
1189 4062 1299 4128 functa
1321 4064 1399 4147 tagi.

627 4188 690 4233 non
712 4168 793 4233 bene
816 4165 981 4232 discordes
1002 4166 1142 4231 tumulos
1164 4166 1306 4231 miscetis
1328 4166 1458 4232 Achivi:

713 4271 773 4336 hoc
794 4269 917 4334 violare
940 4268 1044 4351 magis
1067 4289 1163 4352 quam
1187 4268 1324 4353 sepelire
1347 4268 1418 4334 fuit.

375 4545 426 4600 24.
462 4549 477 4598 2
496 4564 534 4610 sq.
561 4549 635 4607 verg.
658 4550 722 4596 Aen.
744 4549 768 4595 ll
787 4546 837 4595 558
856 4548 1019 4607 avolsumque
1038 4548 1133 4594 umeris
1152 4552 1228 4608 caput
1246 4552 1272 4594 et
1290 4548 1345 4594 sinc
1365 4549 1466 4594 nomine
1485 4561 1578 4607 corpus

378 4632 429 4688 26.
466 4636 560 4684 bsen.
582 4636 635 4685 Tro.
661 4633 671 4682 l
693 4635 847 4696 quicumque
865 4647 940 4692 reguo
960 4632 1016 4679 ildit
1121 4634 1195 4691 Verg.
1216 4635 1282 4680 Aen.
1302 4633 1339 4680 lll
1358 4632 1391 4681 Ol
1410 4635 1487 4693 stirpe
1506 4638 1638 4693 parentum

349 4794 403 4799 --
416 4793 428 4799 -
571 4793 684 4800 -—

377 4889 428 4945 28.
465 4894 589 4943 Cromloni
613 4893 633 4939 V
745 4893 753 4941 l
775 4893 933 4952 crominsquc
957 4891 978 4936 V
1084 4891 1156 4937 misia
1181 4891 1201 4936 V
1312 4880 1454 4939 carcoub
1477 4890 1496 4935 V
1516 4891 1538 4952 (o
1557 4890 1605 4939 dcl.
1625 4887 1682 4949 mi),
1706 4890 1813 4937 Alcimus
1831 4889 1914 4950 Lupd.

291 4982 362 5042 volpe
467 4980 592 5028 3stisV

380 5061 431 5116 24.
469 5064 479 5113 l
502 5041 549 5112 ista
571 5065 592 5111 V
612 5064 626 5123 (i
645 5062 689 5124 νηῒ)
807 5064 968 5125 'ldiripucrc
992 5063 1087 5111 Vcorr.
1113 5063 1245 5123 Wakefield
1358 5063 1373 5109 3
1392 5069 1431 5110 nst
1453 5062 1512 5121 Vis
1531 5059 1567 5110 m²
1585 5064 1613 5110 irs
1630 5061 1692 5122 ros.)
1808 5062 1917 5110 enatus

297 5153 322 5213 V,
345 5159 430 5201 rustum
450 5152 546 5212 Lupa,
568 5158 637 5200 natos
656 5152 722 5201 Saul.

378 5233 429 5290 26.
465 5238 665 5288 3baeotorisl'

378 5319 429 5376 26.
468 5323 652 5372 ldimautel'
754 5312 897 5371 'lconlunx
921 5323 984 5381 Vin
1003 5319 1048 5383 m2)
1159 5321 1247 5370 lults
1269 5322 1289 5369 V
1309 5323 1330 5381 [a
1348 5335 1376 5368 ca
1395 5335 1405 5367 r
1423 5317 1467 5382 mi)
1581 5320 1795 5381 ostirpcrentum
1819 5320 1917 5369 Vrorr.

295 5410 377 5471 Laod.
485 5410 646 5468 Olyuocl'

378 5490 429 5548 27.
466 5496 629 5544 Polixenel'
699 5494 886 5559 ipollxeual'
954 5493 1121 5555 icespitel'
1189 5494 1204 5539 3
1224 5494 1350 5541 rulscactis
1368 5489 1543 5552 vocales)
1616 5491 1719 5540 bscblul
1736 5488 1916 5552 Vlbdet.m²)
