4358 6234
1007 311 1160 367 AVSONII

606 504 714 569 omnia
736 524 819 586 quae
841 503 944 568 voluit
966 503 1022 586 qui
1043 521 1198 587 prospera
1219 500 1314 582 vidit,
1342 500 1464 583 eidem,

691 606 814 692 optavit
835 605 1008 689 quidquid,
1035 605 1169 688 contigit
1192 611 1225 670 ut
1246 604 1362 670 voluit:

604 731 666 775 non
688 711 765 792 quia
788 710 925 775 fatorum
948 708 1048 772 nimia
1069 707 1290 790 indulgentia,
1317 707 1376 773 sed
1399 707 1483 788 quod

688 821 754 877 tam
778 812 945 877 moderata
967 812 1016 876 illi
1038 819 1112 877 vota
1134 810 1224 877 fuere
1247 812 1326 876 viro.

602 937 697 999 quem
721 936 781 981 sua
804 914 967 981 contendit
989 922 1113 998 septem
1136 914 1334 997 sapientibus
1357 921 1466 994 aetas,

522 1041 549 1081 rc
688 1039 822 1102 qnorum
846 1018 1021 1084 doctrinam
1045 1018 1187 1083 moribus
1212 1017 1369 1089 excoluit,

604 1123 727 1187 viveret
749 1130 783 1188 ut
806 1122 911 1206 potius
935 1141 1031 1204 quarn
1055 1119 1176 1186 diceret
1197 1127 1265 1185 arte
1289 1119 1479 1205 sophorum,

690 1245 885 1309 quamquam
907 1231 940 1288 et
961 1222 1099 1288 facundo
1122 1244 1184 1288 ncu
1207 1223 1296 1288 rudis
1320 1224 1463 1308 iugenio,

605 1329 770 1414 praeditus
793 1336 826 1393 et
849 1329 931 1392 vitas
955 1327 1117 1392 hominum
1140 1328 1263 1392 ratione
1287 1327 1438 1392 medendi

692 1433 855 1517 porrigere
879 1439 911 1495 et
933 1431 1010 1496 fatis
1032 1429 1232 1514 amplificare
1256 1450 1372 1495 moras.

605 1536 681 1600 inde
705 1543 737 1599 et
759 1534 926 1619 perfuncto
949 1540 1059 1599 manet
1081 1534 1163 1599 haec
1186 1533 1366 1598 reverentia
1389 1533 1491 1611 vitae,

694 1646 786 1704 aetas
808 1644 918 1702 nostra
939 1637 989 1702 illi
1011 1637 1097 1720 qnod
1120 1636 1210 1702 dedit
1233 1638 1317 1702 hune
1339 1636 1485 1703 titulum:

609 1751 643 1808 ut
664 1743 789 1807 nullum
812 1742 990 1815 Ausonius,
1018 1761 1113 1824 quern
1137 1747 1330 1821 sectaretur,
1359 1740 1515 1809 habebat.

695 1846 741 1908 sic
763 1846 902 1923 nullum,
929 1845 1041 1926 quise
1065 1864 1149 1908 nunc
1172 1844 1330 1923 imitetur,
1357 1844 1464 1908 habet.

782 2119 816 2184 4.
842 2120 1020 2184 AEMILIA
1044 2120 1207 2185 AEONIA
1231 2120 1389 2183 MATER.

609 2276 757 2340 Proxima
780 2283 831 2356 tu,
857 2275 1003 2358 genetrix
1027 2274 1169 2353 Aeonis,
1196 2276 1352 2359 sangnine
1374 2274 1473 2340 mixto

696 2378 868 2444 Tarbellae
891 2378 1001 2443 matris
1025 2378 1125 2463 patris
1148 2387 1181 2444 et
1204 2379 1372 2444 Haeduici.

610 2483 787 2565 morigerae
812 2482 920 2545 ureris
943 2482 1044 2545 virtus
1067 2483 1117 2546 eui
1141 2482 1275 2565 contigit
1296 2482 1416 2546 omnis.

697 2586 784 2649 fama
807 2584 983 2669 pudicitiae
1007 2584 1217 2667 lanificaeque
1241 2606 1355 2650 manus

612 2688 815 2772 coniugiique
838 2687 919 2751 fides
942 2695 975 2752 et
996 2695 1088 2751 natos
1111 2708 1188 2752 cura
1210 2687 1342 2770 regendi

699 2799 731 2855 et
753 2791 896 2874 gravitas
920 2790 1019 2855 cumis
1043 2792 1193 2873 laetaque
1217 2791 1363 2856 serietas.

612 2902 776 2960 aeternum
798 2894 945 2979 placidos
968 2913 1080 2959 manes
1103 2895 1260 2977 conplexa
1283 2893 1404 2963 mariti,

699 2998 774 3061 vira
794 3005 896 3062 turum
922 2997 986 3081 (ut)
1010 2997 1191 3079 quondam,
1218 2997 1328 3061 functa
1351 2998 1424 3061 seve
1446 2998 1614 3062 tumulum.

597 3276 629 3340 u.
657 3272 860 3338 AEMILIVS
883 3272 1059 3337 MAGNVS
1082 3273 1294 3337 ARBORIVS
1317 3271 1582 3338 AVVNCVLVS.

613 3430 708 3494 Culta
730 3429 809 3493 milri
833 3434 882 3493 est
904 3427 1008 3512 pietas
1029 3435 1121 3512 patre
1144 3427 1280 3511 primum
1303 3433 1336 3493 et
1358 3434 1459 3492 matre
1482 3427 1621 3492 vocatis:
1774 3445 1822 3494 rur
1844 3447 1902 3509 [uu

699 3533 815 3599 diceris
843 3532 886 3615 (id
909 3553 943 3597 re
966 3531 1009 3613 fit)
1037 3532 1150 3598 tertius
1174 3532 1337 3597 Arborius.

612 3658 706 3721 quem
730 3637 865 3721 primum
890 3656 1066 3701 memorare
1089 3637 1182 3701 nefas
1205 3635 1283 3700 milri
1305 3642 1396 3719 patre
1420 3635 1580 3713 secunde,

699 3760 825 3803 rursum
848 3759 910 3804 uon
932 3739 1070 3822 primum
1094 3758 1212 3823 ponere
1235 3759 1338 3822 paene
1362 3738 1466 3803 nefas.

547 3864 559 3898 s
613 3842 784 3926 temperies
807 3842 994 3906 adhibenda
1020 3892 1423 3906 ............

699 3952 773 4010 ante
796 3945 895 4017 alios,
923 3965 1117 4027 ‹piamquam
1140 3952 1231 4028 patre
1255 3945 1416 4011 secundus
1439 3945 1509 4009 erit.

613 4057 646 4113 tu
671 4049 769 4113 frater
791 4048 963 4131 genetricis
986 4056 1019 4113 et
1041 4049 1202 4113 unanimis
1225 4048 1361 4132 genitori

699 4151 848 4216 etmihi.
876 4151 952 4234 quoi
975 4150 1075 4216 fueris
1098 4152 1182 4234 quod
1205 4160 1298 4235 pater
1319 4159 1351 4215 et
1373 4151 1531 4233 genetrix.

614 4254 667 4336 qui
691 4273 742 4318 me
765 4254 936 4319 luctantem
961 4273 1093 4338 puerum
1116 4254 1330 4336 iuvenemque
1355 4256 1520 4335 virumque

532 4378 560 4416 ru
701 4357 822 4422 artibus
847 4357 983 4434 omasti‚
1011 4377 1092 4439 quas
1115 4358 1268 4423 didicisse
1291 4359 1389 4423 iuvat.

365 4596 397 4650 4.
432 4601 448 4648 4
468 4600 561 4648 Tibull.
583 4601 606 4647 ll
628 4599 651 4660 l,
674 4600 705 4649 10
725 4602 847 4648 leuillcaru
869 4637 921 4650 ...
942 4615 1042 4648 murrum

367 4683 397 4737 5.
434 4686 465 4735 10
484 4687 557 4735 Ouid.
578 4687 610 4734 Α.
631 4690 661 4736 Α.
684 4689 694 4735 l
714 4686 764 4736 428
783 4689 906 4749 ingenuas
924 4689 1043 4738 didicisse
1062 4691 1132 4737 iuvet
1152 4725 1157 4736 .
1174 4725 1179 4736 .
1197 4726 1202 4736 .
1223 4697 1291 4738 artes

280 4827 468 4834 ———
482 4827 589 4833 -ι--ι
596 4828 601 4834 ι
606 4827 690 4835 0-—

367 4912 382 4960 5
401 4914 543 4974 properauit
566 4913 585 4956 V
602 4914 674 4972 (corr.
694 4908 739 4973 ml)
864 4919 890 4962 et
908 4913 974 4960 idem
997 4915 1025 4972 V,
1046 4914 1127 4961 eidem
1150 4914 1203 4963 Tell
1344 4914 1359 4962 6
1378 4914 1475 4961 obtanit
1499 4915 1519 4962 V
1638 4886 1760 4974 quidquid
1784 4912 1845 4973 V(e
1862 4910 1908 4973 νηῒ]

285 4999 314 5046 13
334 4999 451 5059 providus
473 5000 581 5057 Gronov,
602 5001 651 5046 nisi
668 4998 733 5059 forle
748 5003 804 5059 post
823 5014 846 5044 v.
871 4999 902 5045 19
920 4998 1070 5046 tralucidum
1090 4999 1210 5060 quaedum
1228 5001 1388 5048 statuendum
1406 5005 1440 5046 eal
1554 4999 1585 5048 15
1604 4988 1749 5061 perluu⁰tee
1771 4998 1792 5043 V
1809 4999 1832 5059 (e
1849 4995 1907 5059 ιη’),

281 5087 412 5145 perfuncto
431 5085 543 5133 Brnades
647 5085 752 5145 [culam
771 5086 822 5131 vite

367 5167 397 5220 4.
434 5171 566 5219 lneducli
587 5173 615 5232 V,
634 5173 741 5219 Aeduiei
760 5170 826 5219 Stel.
846 5171 928 5229 volgo,
951 5170 1071 5217 Heeduiei
1091 5170 1205 5218 Piltceus
1310 5171 1424 5220 tinorum
1448 5175 1468 5231 (ο
1486 5187 1515 5220 ex
1534 5187 1548 5219 ι
1566 5169 1613 5233 ml)
1632 5171 1779 5219 coudan
1881 5174 1910 5216 ut

281 5256 340 5306 add.
363 5257 470 5306 laertem

367 5356 397 5410 ὅ.
436 5361 446 5409 1
468 5369 521 5409 tum
542 5362 569 5419 V,
590 5367 616 5408 et
634 5360 717 5421 Lupd.
825 5358 841 5408 2
860 5360 942 5408 dicere
961 5323 1000 5407 sed
1020 5360 1045 5417 ld
1063 5358 1109 5418 ml)
1129 5375 1169 5407 res
1188 5361 1217 5408 st
1234 5360 1259 5415 V,
1279 5360 1369 5408 dlcerls
1388 5358 1453 5409 serie
1472 5360 1564 5420 and„
1587 5361 1678 5408 diceris
1699 5360 1732 5421 (id
1751 5356 1836 5421 re'tt)
1853 5370 1907 5420 m,

280 5446 424 5495 diceresed
443 5461 482 5494 res
501 5448 655 5495 lertHnrlel
771 5447 928 5495 tedtbeurln
952 5447 972 5491 l'
991 5445 1086 5506 (deinde
1105 5448 1207 5506 lucum)
1314 5449 1391 5506 igitur
1410 5449 1575 5495 rucruorsbere
1594 5448 1693 5509 primus
1710 5445 1835 5507 mituli
1853 5442 1909 5495 Μ

281 5531 416 5591 depatre
435 5533 520 5579 Dcuuu
633 5535 684 5581 erls
705 5533 761 5580 Tell
875 5531 888 5578 ἵ
909 5533 1029 5590 gerrltcrls
1053 5533 1081 5589 V,
1101 5534 1206 5591 genitori
1228 5535 1325 5579 (lecucu
1439 5535 1515 5594 tqur
1540 5533 1567 5593 V,
1588 5534 1647 5594 qrrol
1665 5545 1709 5593 epo
1824 5530 1910 5583 Μ

282 5616 404 5665 aalma
508 5620 675 5666 illactenlsm
695 5619 776 5678 lluprl.
797 5620 868 5677 culpe
1503 5598 1507 5607 ²
